<?xml version='1.0' encoding='UTF-8'?>
<collection xmlns='http://www.loc.gov/MARC21/slim' xmlns:xsi='http://www.w3.org/2001/XMLSchema-instance' xsi:schemaLocation='http://www.loc.gov/MARC21/slim http://www.loc.gov/standards/marcxml/schema/MARC21slim.xsd'>
<record xmlns='http://www.loc.gov/MARC21/slim'><leader>ZZZZZnamZa22ZZZZZzZZ4500</leader><controlfield tag='001'>991036719952003811</controlfield><controlfield tag='008'>170403u2017uuuuuuuuu-|-o----u|----|eng-d</controlfield><datafield ind1=' ' ind2=' ' tag='020'><subfield code='a'>3-03842-351-3</subfield></datafield><datafield ind1=' ' ind2=' ' tag='035'><subfield code='a'>(CKB)3710000001127842</subfield></datafield><datafield ind1=' ' ind2=' ' tag='035'><subfield code='a'>(EXLCZ)993710000001127842</subfield></datafield><datafield ind1='0' ind2='0' tag='245'><subfield code='a'>Audio Signal Processing</subfield></datafield><datafield ind1=' ' ind2=' ' tag='260'><subfield code='b'>MDPI AG - Multidisciplinary Digital Publishing Institute</subfield></datafield><datafield ind1=' ' ind2=' ' tag='906'><subfield code='a'>BOOK</subfield></datafield><datafield ind1=' ' ind2=' ' tag='ADM'><subfield code='b'>2017-06-20 17:52:12</subfield><subfield code='e'>993710000001127842</subfield><subfield code='d'>NON_SFX</subfield><subfield code='a'>2017-04-01 14:55:35</subfield><subfield code='c'>false</subfield></datafield><datafield ind1=' ' ind2=' ' tag='PRT'><subfield code='a'>53345197730003811</subfield><subfield code='b'>https://sandbox01-na.alma.exlibrisgroup.com/view/uresolver/01TULI_INST/openurl?u.ignore_date_coverage=true&amp;rft.mms_id=991036719952003811</subfield><subfield code='e'>DOAB Directory of Open Access Books</subfield><subfield code='9'>Available</subfield><subfield code='c'>DOAB Directory of Open Access Books</subfield><subfield code='h'>613680000000000027</subfield><subfield code='8'>53345197730003811</subfield></datafield></record>