
<record xmlns='http://www.loc.gov/MARC21/slim'><leader>05906nam  2200517 i 4500</leader><controlfield tag='001'>991036793187403811</controlfield><controlfield tag='005'>20170815152042.0</controlfield><controlfield tag='006'>m     o  d        </controlfield><controlfield tag='007'>cr -n---------</controlfield><controlfield tag='008'>171024s2008    maua    ob    001   eng d</controlfield><datafield ind1=' ' ind2=' ' tag='010'><subfield code='z'>  2011293787</subfield></datafield><datafield ind1=' ' ind2=' ' tag='020'><subfield code='a'>1-118-14288-8</subfield></datafield><datafield ind1=' ' ind2=' ' tag='020'><subfield code='a'>1-118-14289-6</subfield></datafield><datafield ind1=' ' ind2=' ' tag='020'><subfield code='a'>1-118-14291-8</subfield></datafield><datafield ind1='7' ind2=' ' tag='024'><subfield code='a'>10.1002/9781118142882</subfield><subfield code='2'>doi</subfield></datafield><datafield ind1=' ' ind2=' ' tag='035'><subfield code='a'>(CKB)2670000000128109</subfield></datafield><datafield ind1=' ' ind2=' ' tag='035'><subfield code='a'>(EBL)693180</subfield></datafield><datafield ind1=' ' ind2=' ' tag='035'><subfield code='a'>(OCoLC)828304020</subfield></datafield><datafield ind1=' ' ind2=' ' tag='035'><subfield code='a'>(SSID)ssj0000622323</subfield></datafield><datafield ind1=' ' ind2=' ' tag='035'><subfield code='a'>(PQKBManifestationID)11386319</subfield></datafield><datafield ind1=' ' ind2=' ' tag='035'><subfield code='a'>(PQKBTitleCode)TC0000622323</subfield></datafield><datafield ind1=' ' ind2=' ' tag='035'><subfield code='a'>(PQKBWorkID)10643515</subfield></datafield><datafield ind1=' ' ind2=' ' tag='035'><subfield code='a'>(PQKB)10515990</subfield></datafield><datafield ind1=' ' ind2=' ' tag='035'><subfield code='a'>(MiAaPQ)EBC693180</subfield></datafield><datafield ind1=' ' ind2=' ' tag='035'><subfield code='a'>(CaBNVSL)mat08039862</subfield></datafield><datafield ind1=' ' ind2=' ' tag='035'><subfield code='a'>(IDAMS)0b00006485f0dd64</subfield></datafield><datafield ind1=' ' ind2=' ' tag='035'><subfield code='a'>(IEEE)8039862</subfield></datafield><datafield ind1=' ' ind2=' ' tag='035'><subfield code='a'>(EXLCZ)992670000000128109</subfield></datafield><datafield ind1=' ' ind2=' ' tag='040'><subfield code='a'>CaBNVSL</subfield><subfield code='b'>eng</subfield><subfield code='e'>rda</subfield><subfield code='c'>CaBNVSL</subfield><subfield code='d'>CaBNVSL</subfield></datafield><datafield ind1=' ' ind2=' ' tag='041'><subfield code='a'>eng</subfield></datafield><datafield ind1=' ' ind2='4' tag='050'><subfield code='a'>TK7882.S65</subfield><subfield code='b'>G65 2011eb</subfield></datafield><datafield ind1='0' ind2='0' tag='082'><subfield code='a'>621.3822</subfield></datafield><datafield ind1='1' ind2=' ' tag='100'><subfield code='a'>Gold, Bernard,</subfield><subfield code='e'>author.</subfield></datafield><datafield ind1='1' ind2='0' tag='245'><subfield code='a'>Speech and audio signal processing :</subfield><subfield code='b'>processing and perception of speech and music /</subfield><subfield code='c'>Ben Gold, Nelson Morgan, Dan Ellis ; with contributions from Hervé Bourlard ... [et al.].</subfield></datafield><datafield ind1=' ' ind2=' ' tag='246'><subfield code='a'>Speech and Audio Signal Processing: Processing and Perception of Speech and Music, Second Edition</subfield></datafield><datafield ind1=' ' ind2=' ' tag='246'><subfield code='a'>Speech and audio signal processing </subfield></datafield><datafield ind1=' ' ind2=' ' tag='250'><subfield code='a'>2nd ed.</subfield></datafield><datafield ind1=' ' ind2='1' tag='264'><subfield code='a'>Hoboken, New Jersey :</subfield><subfield code='b'>Wiley,</subfield><subfield code='c'>c2011.</subfield></datafield><datafield ind1=' ' ind2='2' tag='264'><subfield code='a'>[Piscataqay, New Jersey] :</subfield><subfield code='b'>IEEE Xplore,</subfield><subfield code='c'>[2011]</subfield></datafield><datafield ind1=' ' ind2=' ' tag='300'><subfield code='a'>1 online resource (686 p.)</subfield></datafield><datafield ind1=' ' ind2=' ' tag='336'><subfield code='a'>text</subfield><subfield code='b'>txt</subfield></datafield><datafield ind1=' ' ind2=' ' tag='337'><subfield code='a'>computer</subfield><subfield code='b'>c</subfield></datafield><datafield ind1=' ' ind2=' ' tag='338'><subfield code='a'>online resource</subfield><subfield code='b'>cr</subfield></datafield><datafield ind1=' ' ind2=' ' tag='500'><subfield code='a'>Description based upon print version of record.</subfield></datafield><datafield ind1=' ' ind2=' ' tag='546'><subfield code='a'>English</subfield></datafield><datafield ind1=' ' ind2=' ' tag='504'><subfield code='a'>Includes bibliographical references and index.</subfield></datafield><datafield ind1='0' ind2=' ' tag='505'><subfield code='a'>PREFACE TO THE 2011 EDITION xxi -- CHAPTER 1 INTRODUCTION 1 -- PART I HISTORICAL BACKGROUND -- CHAPTER 2 SYNTHETIC A UDIO: A BRIEF HISTORY 9 -- CHAPTER 3 SPEECH ANALYSIS AND SYNTHESIS OVERVIEW 21 -- CHAPTER 4 BRIEF HISTORY OF AUTOMATIC SPEECH RECOGNITION 40 -- CHAPTER 5 SPEECH-RECOGNITION OVERVIEW 59 -- PART II MATHEMATICAL BACKGROUND -- CHAPTER 6 DIGITAL SIGNAL PROCESSING 73 -- CHAPTER 7 DIGITAL FILTERSAND DISCRETE FOURIER TRANSFORM 87 -- CHAPTER 8 PATTERN CLASSIFICATION 105 -- CHAPTER 9 STATISTICAL PATTERN CLASSIFICATION 124 -- PART III ACOUSTICS -- CHAPTER 10 WAVE BASICS 141 -- CHAPTER 11 ACOUSTIC TUBE MODELING OF SPEECH PRODUCTION 152 -- CHAPTER 12 MUSICAL INSTRUMENT ACOUSTICS 158 -- CHAPTER 13 ROOM ACOUSTICS 179 -- PART IV AUDITORY PERCEPTION -- CHAPTER 14 EAR PHYSIOLOGY 193 -- CHAPTER 15 PSYCHOACOUSTICS 209 -- CHAPTER 16 MODELS OF PITCH PERCEPTION 218 -- CHAPTER 17 SPEECH PERCEPTION 232 -- CHAPTER 18 HUMAN SPEECH RECOGNITION 250 -- PART V SPEECH FEATURES -- CHAPTER 19 THE AUDITORY SYSTEM AS A FILTER BANK 263 -- CHAPTER 20 THE CEPSTRUM AS A SPECTRAL ANALYZER 277 -- CHAPTER 21 LINEAR PREDICTION 286 -- PART VI A UTOMATIC SPEECH RECOGNITION -- CHAPTER 22 FEATURE EXTRACTION FOR ASR 301 -- CHAPTER 23 LINGUISTIC CATEGORIES FOR SPEECH RECOGNITION 319 -- CHAPTER 24 DETERMINISTIC SEQUENCE RECOGNITION FOR ASR 337 -- CHAPTER 25 STATISTICAL SEQUENCE RECOGNITION 350 -- CHAPTER 26 STATISTICAL MODEL TRAINING 364 -- CHAPTER 27 DISCRIMINANT ACOUSTIC PROBABILITY ESTIMATION 381 -- CHAPTER 28 ACOUSTIC MODEL TRAINING: FURTHER TOPICS 394 -- CHAPTER 29 SPEECH RECOGNITION AND UNDERSTANDING 416 -- PART VII SYNTHESIS AND CODING -- CHAPTER 30 SPEECH SYNTHESIS 431 -- CHAPTER 31 PITCH DETECTION 455 -- CHAPTER 32 VOCODERS 473 -- CHAPTER 33 LOW-RATE VOCODERS 493 -- CHAPTER 34 MEDIUM-RATE AND HIGH-RATE VOCODERS 505 -- CHAPTER 35 PERCEPTUAL A UDIO CODING 531 -- PART VIII OTHER APPLICATIONS -- CHAPTER 36 SOME ASPECTS OF COMPUTER MUSIC SYNTHESIS 553 -- CHAPTER 37 MUSIC SIGNAL ANALYSIS 567 -- CHAPTER 38 MUSIC RETRIEVAL 581.</subfield></datafield><datafield ind1='8' ind2=' ' tag='505'><subfield code='a'>CHAPTER 39 SOURCE SEPARATION 59 -- CHAPTER 40 SPEECH TRANSFORMATIONS 617 -- CHAPTER 41 SPEAKER VERIFICATION 633 -- CHAPTER 42 SPEAKER DIARIZATION 644.</subfield></datafield><datafield ind1=' ' ind2=' ' tag='520'><subfield code='a'>Helps readers develop an intuitive understanding of audio signal processing Acclaimed for its breadth of coverage as well as its clear, accessible presentation, Speech and Audio Signal Processing examines how machines and humans process audio signals, with an emphasis on speech and music. It begins with basic principles and then explains how these principles set the foundation for a wide range of applications. Moreover, the book is organized into a series of short chapters, offering readers a succinct overview of the range of topics that together represent the current state of knowledge in the field. This Second Edition brings the book fully up to date with the explosive growth in audio processing technology, including the latest advances in digital music processing and distribution. New topics include: . Psychoacoustic audio coding, examining MP3 and related audio coding schemes that are based on the psychoacoustic masking of quantization noise . Music transcription, explaining how notes, beats, and chords can be automatically derived from music signals . Music information retrieval, exploring audio-based genre classification, artist and style identification, and similarity estimation . Audio source separation, describing multi-microphone beamforming, blind source separation, and perception-inspired techniques Throughout the book, the authors present both human and machine strategies for accomplishing audio processing tasks. Readers will discover that, in many cases, human strategies can provide the inspiration for the development of machine strategies. Speech and Audio Signal Processing is recommended for anyone who needs to understand the technologies underlying some of today&apos;s most cutting-edge applications, including speech recognition, audio compression, music synthesis, and diarization.</subfield></datafield><datafield ind1=' ' ind2=' ' tag='506'><subfield code='a'>Restricted to subscribers or individual electronic text purchasers.</subfield></datafield><datafield ind1=' ' ind2=' ' tag='530'><subfield code='a'>Also available in print.</subfield></datafield><datafield ind1=' ' ind2=' ' tag='538'><subfield code='a'>Mode of access: World Wide Web</subfield></datafield><datafield ind1=' ' ind2=' ' tag='588'><subfield code='a'>Description based on PDF viewed 10/24/2017.</subfield></datafield><datafield ind1=' ' ind2='0' tag='650'><subfield code='a'>Speech processing systems.</subfield></datafield><datafield ind1=' ' ind2='0' tag='650'><subfield code='a'>Signal processing</subfield><subfield code='x'>Digital techniques.</subfield></datafield><datafield ind1=' ' ind2='0' tag='650'><subfield code='a'>Electronic music.</subfield></datafield><datafield ind1=' ' ind2='4' tag='655'><subfield code='a'>Electronic books.</subfield></datafield><datafield ind1='1' ind2=' ' tag='700'><subfield code='a'>Morgan, Nelson.</subfield></datafield><datafield ind1='1' ind2=' ' tag='700'><subfield code='a'>Ellis, Dan.</subfield></datafield><datafield ind1=' ' ind2=' ' tag='776'><subfield code='z'>0-470-19536-3</subfield></datafield><datafield ind1=' ' ind2=' ' tag='906'><subfield code='a'>BOOK</subfield></datafield><datafield ind1=' ' ind2=' ' tag='PRT'><subfield code='a'>53363483870003811</subfield><subfield code='b'>https://sandbox01-na.alma.exlibrisgroup.com/view/uresolver/01TULI_INST/openurl?u.ignore_date_coverage=true&amp;rft.mms_id=991036793187403811</subfield><subfield code='e'>Wiley Online Library</subfield><subfield code='c'>Wiley Online Library UBCM all Online Books</subfield><subfield code='h'>613800000000000218</subfield><subfield code='8'>53363483870003811</subfield></datafield></record>