
<record xmlns='http://www.loc.gov/MARC21/slim'><leader>03263cam a2200409Ia 4500</leader><controlfield tag='005'>20170825204952.0</controlfield><controlfield tag='008'>101109s2011    enka     b    001 0 eng d</controlfield><controlfield tag='001'>991022952589703811</controlfield><datafield ind1=' ' ind2=' ' tag='020'><subfield code='a'>9780470195369 (hbk.)</subfield></datafield><datafield ind1=' ' ind2=' ' tag='020'><subfield code='a'>0470195363 (hbk.)</subfield></datafield><datafield ind1=' ' ind2=' ' tag='035'><subfield code='a'>(PPT)b50374394-01tuli_inst</subfield></datafield><datafield ind1=' ' ind2=' ' tag='035'><subfield code='a'>(OCoLC)ocn796750488</subfield><subfield code='9'>ExL</subfield></datafield><datafield ind1=' ' ind2=' ' tag='035'><subfield code='a'>(OCoLC)751147208</subfield><subfield code='z'>(OCoLC)757918928</subfield></datafield><datafield ind1=' ' ind2=' ' tag='035'><subfield code='a'>ocn751147208</subfield></datafield><datafield ind1=' ' ind2=' ' tag='035'><subfield code='a'>(OCLC)ocn751147208</subfield></datafield><datafield ind1=' ' ind2=' ' tag='040'><subfield code='a'>UKMGB</subfield><subfield code='b'>eng</subfield><subfield code='c'>UKMGB</subfield><subfield code='d'>YDXCP</subfield><subfield code='d'>IXA</subfield><subfield code='d'>ERL</subfield><subfield code='d'>CDX</subfield><subfield code='d'>MUU</subfield><subfield code='d'>BDX</subfield></datafield><datafield ind1=' ' ind2=' ' tag='079'><subfield code='a'>ocn751147208</subfield></datafield><datafield ind1=' ' ind2=' ' tag='090'><subfield code='a'>TK7882.S65</subfield><subfield code='b'>G65 2011</subfield></datafield><datafield ind1='1' ind2=' ' tag='100'><subfield code='a'>Gold, Bernard.</subfield></datafield><datafield ind1='1' ind2='0' tag='245'><subfield code='a'>Speech and audio signal processing :</subfield><subfield code='b'>processing and perception of speech and music /</subfield><subfield code='c'>Ben Gold, Nelson Morgan, Dan Ellis.</subfield></datafield><datafield ind1=' ' ind2=' ' tag='250'><subfield code='a'>2nd ed.</subfield></datafield><datafield ind1=' ' ind2=' ' tag='260'><subfield code='a'>Oxford ;</subfield><subfield code='a'>Hoboken :</subfield><subfield code='b'>Wiley-Blackwell,</subfield><subfield code='c'>c2011.</subfield></datafield><datafield ind1=' ' ind2=' ' tag='300'><subfield code='a'>xxii, 661 p. :</subfield><subfield code='b'>ill. ;</subfield><subfield code='c'>24 cm.</subfield></datafield><datafield ind1=' ' ind2=' ' tag='504'><subfield code='a'>Includes bibliographical references and index.</subfield></datafield><datafield ind1=' ' ind2=' ' tag='500'><subfield code='a'>Previous ed.: 1999.</subfield></datafield><datafield ind1='0' ind2=' ' tag='505'><subfield code='a'>Ch. 1. Introduction -- Pt. I: Historical background -- Ch. 2. Synthetic audio: a brief history -- Ch. 3. Speech analysis and synthesis overview -- Ch. 4. Brief history of automatic speech recognition -- Ch. 5. Speech recognition overview -- Pt. II: Mathematical background -- Ch. Y Digital signal processing -- Ch. 7. Digital filters and discrete Fourier transform -- Ch. 8. Pattern classification -- Ch. 9. Statistical pattern classification -- Pt. III: Acoustics -- Ch. 10. Wave basics -- Ch. 11. Acoustic tube modeling of speech production -- Ch. 12. Musical instrument acoustics -- Ch. 13. Room acoustics -- Pt. IV: Auditory perception -- Ch. 14. Ear physiology -- Ch. 15. Psychoacoustics -- Ch. 16. Models of pitch perception -- Ch. 17. Speech perception -- Ch. 18. Human speech recoginition -- Pt. V: Speech features -- Ch. 19. The auditory system as a filter bank -- Ch. 20. The cepstrum as a spectral analyzer -- Ch. 21. Linear prediction -- Pt. VI: Automatic speech recognition -- Ch. 22. Feature extraction for ASR -- Ch. 23. Linguistic categories for speech recognition -- Ch. 24. Deterministic sequence recognition for ASR -- Ch. 25. Statistical sequence recognition -- Ch. 26. Statistical model training -- Ch. 27. Discriminant acoustic probability estimation -- Ch. 28. Acoustic model training: further topics -- Ch. 29. Speech recognition and understanding --  Pt. VII: Synthesis and coding -- Ch. 30. Speech synthesis -- Ch. 31 Pitch detection -- Ch. 32. Vocoders -- Ch. 33. Low-rate Vocoders -- Ch. 34. Medium rate and high rate vocoders -- Ch. 35. Perceptual audio coding -- Pt. VIII: Other applications -- Ch. 36. Some aspects of computer music synthesis -- Ch. 37. Music signal analysis -- Ch. 38 Music retrieval -- Ch. 39. Source separation -- Ch. 40. Speech transformations -- Ch. 41. Speaker verification -- Ch. 42. Speaker diarization.</subfield></datafield><datafield ind1=' ' ind2='0' tag='650'><subfield code='a'>Speech processing systems</subfield><subfield code='v'>Problems, exercises, etc.</subfield></datafield><datafield ind1=' ' ind2='0' tag='650'><subfield code='a'>Signal processing</subfield><subfield code='x'>Digital techniques.</subfield></datafield><datafield ind1=' ' ind2='0' tag='650'><subfield code='a'>Electronic music.</subfield></datafield><datafield ind1='1' ind2=' ' tag='700'><subfield code='a'>Morgan, Nelson.</subfield></datafield><datafield ind1='1' ind2=' ' tag='700'><subfield code='a'>Ellis, Daniel P. W.</subfield><subfield code='q'>(Daniel Patrick Whittlesey)</subfield></datafield><datafield ind1=' ' ind2=' ' tag='902'><subfield code='a'>170413</subfield></datafield><datafield ind1=' ' ind2=' ' tag='907'><subfield code='a'>.b50374394</subfield><subfield code='b'>p    </subfield><subfield code='c'>-</subfield></datafield><datafield ind1=' ' ind2=' ' tag='945'><subfield code='l'>pstk </subfield><subfield code='g'>1</subfield></datafield><datafield ind1=' ' ind2=' ' tag='979'><subfield code='a'>ocn751147208</subfield></datafield><datafield ind1=' ' ind2=' ' tag='998'><subfield code='b'>1</subfield><subfield code='c'>120611</subfield><subfield code='d'>m</subfield><subfield code='e'>a</subfield><subfield code='f'>-</subfield><subfield code='g'>0</subfield></datafield><datafield ind1=' ' ind2=' ' tag='998'><subfield code='a'>06/11/12</subfield><subfield code='s'>OCLC</subfield><subfield code='c'>cep </subfield></datafield><datafield ind1=' ' ind2=' ' tag='ADM'><subfield code='b'>2017-08-26 00:49:52</subfield><subfield code='e'>b50374394-01tuli_inst</subfield><subfield code='d'>ILS</subfield><subfield code='a'>2017-06-20 07:19:50</subfield><subfield code='c'>false</subfield></datafield><datafield ind1='0' ind2=' ' tag='HLD'><subfield code='b'>MAIN</subfield><subfield code='c'>stacks</subfield><subfield code='h'>TK7882.S65</subfield><subfield code='i'>G65 2011</subfield><subfield code='8'>22264705690003811</subfield></datafield><datafield ind1=' ' ind2=' ' tag='ITM'><subfield code='r'>22264705690003811</subfield><subfield code='b'>1</subfield><subfield code='h'>0</subfield><subfield code='g'>stacks</subfield><subfield code='t'>BOOK</subfield><subfield code='9'>39074026475236</subfield><subfield code='e'>stacks</subfield><subfield code='8'>23264705660003811</subfield><subfield code='a'>0</subfield><subfield code='q'>2017-06-20 07:19:50</subfield><subfield code='i'>TK7882.S65 G65 2011</subfield><subfield code='d'>MAIN</subfield><subfield code='f'>MAIN</subfield></datafield></record>