
<record xmlns='http://www.loc.gov/MARC21/slim'><leader>01355nam a22003854a 4500</leader><controlfield tag='005'>20180315175733.0</controlfield><controlfield tag='008'>000113s2000    nyua     b    001 0 eng  </controlfield><controlfield tag='001'>991011656609703811</controlfield><datafield ind1=' ' ind2=' ' tag='010'><subfield code='a'>99016025</subfield></datafield><datafield ind1=' ' ind2=' ' tag='020'><subfield code='a'>0471351547 (alk. paper)</subfield></datafield><datafield ind1=' ' ind2=' ' tag='035'><subfield code='a'>(PPT)b21076078-01tuli_inst</subfield></datafield><datafield ind1=' ' ind2=' ' tag='035'><subfield code='a'>(CStRLIN)ocn475737189</subfield><subfield code='9'>ExL</subfield></datafield><datafield ind1=' ' ind2=' ' tag='035'><subfield code='a'>PATG00-B757</subfield></datafield><datafield ind1=' ' ind2=' ' tag='035'><subfield code='a'>ocm41404352</subfield></datafield><datafield ind1=' ' ind2=' ' tag='035'><subfield code='a'>(OCLC)ocm41404352</subfield></datafield><datafield ind1=' ' ind2=' ' tag='040'><subfield code='a'>DLC</subfield><subfield code='c'>DLC</subfield><subfield code='d'>DLC</subfield></datafield><datafield ind1=' ' ind2=' ' tag='042'><subfield code='a'>pcc</subfield></datafield><datafield ind1=' ' ind2=' ' tag='079'><subfield code='a'>ocm41404352</subfield></datafield><datafield ind1=' ' ind2=' ' tag='090'><subfield code='a'>TK7882.S65</subfield><subfield code='b'>G65 2000</subfield></datafield><datafield ind1='1' ind2=' ' tag='100'><subfield code='a'>Gold, Bernard.</subfield></datafield><datafield ind1='0' ind2='0' tag='245'><subfield code='a'>Speech and audio signal processing :</subfield><subfield code='b'>processing and perception of speech and music /</subfield><subfield code='c'>Ben Gold, Nelson Morgan ; with contributions from Hervé Bourlard, Eric Fosler-Lussier, and Jeff Gilbert.</subfield></datafield><datafield ind1=' ' ind2=' ' tag='260'><subfield code='a'>New York :</subfield><subfield code='b'>John Wiley,</subfield><subfield code='c'>c2000.</subfield></datafield><datafield ind1=' ' ind2=' ' tag='300'><subfield code='a'>xviii, 537 p. :</subfield><subfield code='b'>ill. ;</subfield><subfield code='c'>24 cm.</subfield></datafield><datafield ind1=' ' ind2=' ' tag='504'><subfield code='a'>Includes bibliographical references and index.</subfield></datafield><datafield ind1=' ' ind2='0' tag='650'><subfield code='a'>Speech processing systems.</subfield></datafield><datafield ind1=' ' ind2='0' tag='650'><subfield code='a'>Signal processing</subfield><subfield code='x'>Digital techniques.</subfield></datafield><datafield ind1=' ' ind2='0' tag='650'><subfield code='a'>Electronic music.</subfield></datafield><datafield ind1='1' ind2=' ' tag='700'><subfield code='a'>Morgan, Nelson.</subfield></datafield><datafield ind1=' ' ind2='1' tag='901'><subfield code='i'>39074014318117</subfield><subfield code='l'>estk</subfield><subfield code='a'>TK7882.S65</subfield><subfield code='b'>G65 2000</subfield><subfield code='t'>0</subfield><subfield code='s'>-</subfield><subfield code='z'>090</subfield></datafield><datafield ind1=' ' ind2=' ' tag='907'><subfield code='a'>.b21076078</subfield><subfield code='b'>p    </subfield><subfield code='c'>-</subfield></datafield><datafield ind1=' ' ind2=' ' tag='945'><subfield code='l'>pstk </subfield><subfield code='g'>1</subfield></datafield><datafield ind1=' ' ind2=' ' tag='950'><subfield code='l'>TECH</subfield></datafield><datafield ind1=' ' ind2=' ' tag='979'><subfield code='a'>ocm41404352</subfield></datafield><datafield ind1=' ' ind2=' ' tag='998'><subfield code='b'>1</subfield><subfield code='c'>000114</subfield><subfield code='d'>m</subfield><subfield code='e'>a</subfield><subfield code='f'>-</subfield><subfield code='g'>0</subfield></datafield><datafield ind1=' ' ind2=' ' tag='998'><subfield code='a'>01/13/00</subfield><subfield code='t'>c</subfield><subfield code='s'>9410</subfield><subfield code='l'>PATG</subfield><subfield code='n'>PPT</subfield><subfield code='w'>CTYAFMQ0274B</subfield><subfield code='d'>01/13/00</subfield><subfield code='c'>NP </subfield><subfield code='b'>AT</subfield></datafield><datafield ind1=' ' ind2=' ' tag='ADM'><subfield code='b'>2018-03-15 21:57:33</subfield><subfield code='e'>b21076078-01tuli_inst</subfield><subfield code='d'>ILS</subfield><subfield code='a'>2017-06-20 08:39:42</subfield><subfield code='c'>false</subfield></datafield><datafield ind1='0' ind2=' ' tag='HLD'><subfield code='b'>MAIN</subfield><subfield code='c'>stacks</subfield><subfield code='h'>TK7882.S65</subfield><subfield code='i'>G65 2000</subfield><subfield code='8'>22284958860003811</subfield></datafield><datafield ind1=' ' ind2=' ' tag='ITM'><subfield code='r'>22284958860003811</subfield><subfield code='b'>1</subfield><subfield code='h'>0</subfield><subfield code='g'>stacks</subfield><subfield code='t'>BOOK</subfield><subfield code='9'>39074014318117</subfield><subfield code='e'>stacks</subfield><subfield code='8'>23284958830003811</subfield><subfield code='a'>0</subfield><subfield code='q'>2017-06-20 08:39:42</subfield><subfield code='i'>TK7882.S65 G65 2000</subfield><subfield code='d'>MAIN</subfield><subfield code='f'>MAIN</subfield></datafield></record>