
<record xmlns='http://www.loc.gov/MARC21/slim'><leader>05485nam  2200517 i 4500</leader><controlfield tag='001'>991036792442803811</controlfield><controlfield tag='005'>20170815114909.0</controlfield><controlfield tag='006'>m     o  d        </controlfield><controlfield tag='007'>cr -n---------</controlfield><controlfield tag='008'>171024s2008    maua    ob    001   eng d</controlfield><datafield ind1=' ' ind2=' ' tag='010'><subfield code='z'>  2008006095</subfield></datafield><datafield ind1=' ' ind2=' ' tag='020'><subfield code='a'>1-281-84044-0</subfield></datafield><datafield ind1=' ' ind2=' ' tag='020'><subfield code='a'>9786611840440</subfield></datafield><datafield ind1=' ' ind2=' ' tag='020'><subfield code='a'>0-470-68001-6</subfield></datafield><datafield ind1=' ' ind2=' ' tag='020'><subfield code='a'>0-470-68002-4</subfield></datafield><datafield ind1='7' ind2=' ' tag='024'><subfield code='a'>10.1002/9780470680018</subfield><subfield code='2'>doi</subfield></datafield><datafield ind1=' ' ind2=' ' tag='035'><subfield code='a'>(CKB)1000000000556280</subfield></datafield><datafield ind1=' ' ind2=' ' tag='035'><subfield code='a'>(EBL)366874</subfield></datafield><datafield ind1=' ' ind2=' ' tag='035'><subfield code='a'>(OCoLC)476202146</subfield></datafield><datafield ind1=' ' ind2=' ' tag='035'><subfield code='a'>(SSID)ssj0000138995</subfield></datafield><datafield ind1=' ' ind2=' ' tag='035'><subfield code='a'>(PQKBManifestationID)11136685</subfield></datafield><datafield ind1=' ' ind2=' ' tag='035'><subfield code='a'>(PQKBTitleCode)TC0000138995</subfield></datafield><datafield ind1=' ' ind2=' ' tag='035'><subfield code='a'>(PQKBWorkID)10106919</subfield></datafield><datafield ind1=' ' ind2=' ' tag='035'><subfield code='a'>(PQKB)11191205</subfield></datafield><datafield ind1=' ' ind2=' ' tag='035'><subfield code='a'>(MiAaPQ)EBC366874</subfield></datafield><datafield ind1=' ' ind2=' ' tag='035'><subfield code='a'>(CaBNVSL)mat08040388</subfield></datafield><datafield ind1=' ' ind2=' ' tag='035'><subfield code='a'>(IDAMS)0b00006485f0ec9f</subfield></datafield><datafield ind1=' ' ind2=' ' tag='035'><subfield code='a'>(IEEE)8040388</subfield></datafield><datafield ind1=' ' ind2=' ' tag='035'><subfield code='a'>(EXLCZ)991000000000556280</subfield></datafield><datafield ind1=' ' ind2=' ' tag='040'><subfield code='a'>CaBNVSL</subfield><subfield code='b'>eng</subfield><subfield code='e'>rda</subfield><subfield code='c'>CaBNVSL</subfield><subfield code='d'>CaBNVSL</subfield></datafield><datafield ind1=' ' ind2=' ' tag='041'><subfield code='a'>eng</subfield></datafield><datafield ind1=' ' ind2='4' tag='050'><subfield code='a'>TK7881.4</subfield><subfield code='b'>.Z6513 2008eb</subfield></datafield><datafield ind1='0' ind2='0' tag='082'><subfield code='a'>621.382/2</subfield><subfield code='a'>621.3822</subfield></datafield><datafield ind1='1' ind2=' ' tag='100'><subfield code='a'>Zölzer, Udo,</subfield><subfield code='e'>author.</subfield></datafield><datafield ind1='1' ind2='0' tag='240'><subfield code='a'>Digitale Audiosignalverarbeitung.</subfield><subfield code='l'>English</subfield></datafield><datafield ind1='1' ind2='0' tag='245'><subfield code='a'>Digital audio signal processing /</subfield><subfield code='c'>Udo Zölzer.</subfield></datafield><datafield ind1=' ' ind2=' ' tag='250'><subfield code='a'>2nd ed.</subfield></datafield><datafield ind1=' ' ind2='1' tag='264'><subfield code='a'>Chichester, U.K. :</subfield><subfield code='b'>Wiley,</subfield><subfield code='c'>2008.</subfield></datafield><datafield ind1=' ' ind2='2' tag='264'><subfield code='a'>[Piscataqay, New Jersey] :</subfield><subfield code='b'>IEEE Xplore,</subfield><subfield code='c'>[2008]</subfield></datafield><datafield ind1=' ' ind2=' ' tag='300'><subfield code='a'>1 online resource (334 p.)</subfield></datafield><datafield ind1=' ' ind2=' ' tag='336'><subfield code='a'>text</subfield><subfield code='b'>txt</subfield></datafield><datafield ind1=' ' ind2=' ' tag='337'><subfield code='a'>computer</subfield><subfield code='b'>c</subfield></datafield><datafield ind1=' ' ind2=' ' tag='338'><subfield code='a'>online resource</subfield><subfield code='b'>cr</subfield></datafield><datafield ind1=' ' ind2=' ' tag='500'><subfield code='a'>Description based upon print version of record.</subfield></datafield><datafield ind1=' ' ind2=' ' tag='546'><subfield code='a'>English</subfield></datafield><datafield ind1=' ' ind2=' ' tag='504'><subfield code='a'>Includes bibliographical references (p. 311-316) and index.</subfield></datafield><datafield ind1='0' ind2=' ' tag='505'><subfield code='a'>Preface to the Second Edition. -- Preface to the First Edition. -- 1. Introduction. -- 1.1. Studio Technology. -- 1.2. Digital Transmission Systems. -- 1.3. Storage Media. -- 1.4. Audio Components at Home. -- 2. Quantization. -- 2.1. Signal Quantization. -- 2.2. Dither. -- 2.3. Spectrum Shaping of Quantization - Noise Shaping. -- 2.4. Number Representation. -- 2.5. Java Applet - Quantization, Dither, and Noise Shaping. -- 2.6. Exercises. -- 3. AD/DA Conversion. -- 3.1. Methods. -- 3.2. AD Converters. -- 3.3. DA Converters. -- 3.4. Java Applet - Oversampling and Quantization. -- 3.5. Exercises. -- 4. Audio Processing Systems. -- 4.1. Digital Signal Processors. -- 4.2. Digital Audio Interfaces. -- 4.3. Single-processor Systems. -- 4.4. Multi-processor Systems. -- 5. Equalizers. -- 5.1. Basics. -- 5.2. Recursive Audio Filters. -- 5.3. Nonrecursive Audio Filters. -- 5.4. Multi-complementary Filter Bank. -- 5.5. Java Applet - Audio Filters. -- 5.6. Exercises. -- 6. Room Simulation. -- 6.1. Basics. -- 6.2. Early Reflections. -- 6.3. Subsequent Reverberation. -- 6.4. Approximation of Room Impulse Responses. -- 6.5. Java Applet - Fast Convolution. -- 6.6. Exercises. -- 7. Dynamic Range Control. -- 7.1. Basics. -- 7.2. Statics Curve. -- 7.3. Dynamic Behavior. -- 7.4. Implementation. -- 7.5. Realization Aspects. -- 7.6. Java Applet - Dynamic Range Control. -- 7.7. Exercises. -- 8. Sampling Rate Conversion. -- 8.1. Basics. -- 8.2. Synchronous Conversion. -- 8.3. Asynchronous Conversion. -- 8.4. Interpolation Methods. -- 8.5. Exercises. -- 9. Audio Coding. -- 9.1. Lossless Audio Coding. -- 9.2. Lossy Audio Coding. -- 9.3. Psychoacoustics. -- 9.4. ISO-MPEG-1 Audio Coding. -- 9.5. MPEG-2 Audio Coding. -- 9.6. MPEG-2 Advanced Audio Coding. -- 9.7. MPEG-4 Audio Coding. -- 9.8. Spectral Band Replication. -- 9.9. Java Applet - Psychoacoustics. -- 9.10. Exercises. -- References. -- Index.</subfield></datafield><datafield ind1=' ' ind2=' ' tag='520'><subfield code='a'>A fully updated second edition of the excellent Digital Audio Signal Processing. Well established in the consumer electronics industry, Digital Audio Signal Processing (DASP) techniques are use din audio CD, computer music and multimedia components. In addition, the applications afforded by this versatile technology now range from real-time signal processing to room simulation. Digital Audio Signal Processing covers the latest signal processing algorithms for audio processing. Every chapter has been completely revised with an easy to understand introduction, and exercises have been provided on an accompanying website, which support the book by easy to access application examples. Key features include: . A thoroughly updated and revised second edition of the popular Digital Audio Signal Processing, a comprehensive coverage of the topic as a whole . Provides basic principles and fundamentals for quantization, filters, dynamic range control, room simulation, sampling rate conversion, and audio coding . Includes detailed accounts of studio technology, digital transmission systems, storage media and audio component for home entertainment . Contains precise algorithm description and applications . Provides a full account of the techniques of DASP showing their theoretical foundations and practical solutions . Includes updated computer-based exercises and an accompanying website featuring Web-based interactive JAVA-Applets for audio processing This essential guide to DASP will serve as an invaluable reference to audio engineering professionals, R&amp;D engineers, researchers in industries and academia, and developers in IT companies. Advanced students studying multimedia courses will also find this book of interest.</subfield></datafield><datafield ind1=' ' ind2=' ' tag='506'><subfield code='a'>Restricted to subscribers or individual electronic text purchasers.</subfield></datafield><datafield ind1=' ' ind2=' ' tag='530'><subfield code='a'>Also available in print.</subfield></datafield><datafield ind1=' ' ind2=' ' tag='538'><subfield code='a'>Mode of access: World Wide Web</subfield></datafield><datafield ind1=' ' ind2=' ' tag='588'><subfield code='a'>Description based on PDF viewed 10/24/2017.</subfield></datafield><datafield ind1=' ' ind2='0' tag='650'><subfield code='a'>Sound</subfield><subfield code='x'>Recording and reproducing</subfield><subfield code='x'>Digital techniques.</subfield></datafield><datafield ind1=' ' ind2='0' tag='650'><subfield code='a'>Signal processing</subfield><subfield code='x'>Digital techniques.</subfield></datafield><datafield ind1=' ' ind2='4' tag='655'><subfield code='a'>Electronic books.</subfield></datafield><datafield ind1=' ' ind2=' ' tag='700'><subfield code='a'>Zèolzer, Udo.</subfield><subfield code='e'>Author</subfield></datafield><datafield ind1=' ' ind2=' ' tag='776'><subfield code='z'>0-470-99785-0</subfield></datafield><datafield ind1=' ' ind2=' ' tag='906'><subfield code='a'>BOOK</subfield></datafield><datafield ind1=' ' ind2=' ' tag='PRT'><subfield code='a'>53363289870003811</subfield><subfield code='b'>https://sandbox01-na.alma.exlibrisgroup.com/view/uresolver/01TULI_INST/openurl?u.ignore_date_coverage=true&amp;rft.mms_id=991036792442803811</subfield><subfield code='e'>Wiley Online Library</subfield><subfield code='c'>Wiley Online Library UBCM all Online Books</subfield><subfield code='h'>613800000000000218</subfield><subfield code='8'>53363289870003811</subfield></datafield></record>