
<record xmlns='http://www.loc.gov/MARC21/slim'><leader>01402cam a2200421 a 4500</leader><controlfield tag='005'>20180315214437.0</controlfield><controlfield tag='008'>080212s2008    enka     b    001 0 eng  </controlfield><controlfield tag='001'>991033520689703811</controlfield><datafield ind1=' ' ind2=' ' tag='010'><subfield code='a'>2008006095</subfield></datafield><datafield ind1=' ' ind2=' ' tag='020'><subfield code='a'>9780470997857 (hbk.)</subfield></datafield><datafield ind1=' ' ind2=' ' tag='020'><subfield code='a'>0470997850 (cloth)</subfield></datafield><datafield ind1=' ' ind2=' ' tag='035'><subfield code='a'>(PPT)b37735032-01tuli_inst</subfield></datafield><datafield ind1=' ' ind2=' ' tag='035'><subfield code='a'>(DLC)ocn492754115</subfield><subfield code='9'>ExL</subfield></datafield><datafield ind1=' ' ind2=' ' tag='035'><subfield code='a'>(OCoLC)ocn192050075</subfield></datafield><datafield ind1=' ' ind2=' ' tag='035'><subfield code='a'>ocn192050075</subfield></datafield><datafield ind1=' ' ind2=' ' tag='035'><subfield code='a'>(OCLC)ocn192050075</subfield></datafield><datafield ind1=' ' ind2=' ' tag='040'><subfield code='a'>DLC</subfield><subfield code='c'>DLC</subfield><subfield code='d'>BAKER</subfield><subfield code='d'>BTCTA</subfield><subfield code='d'>YDXCP</subfield><subfield code='d'>BWKUK</subfield><subfield code='d'>BWK</subfield><subfield code='d'>BWX</subfield><subfield code='d'>CDX</subfield><subfield code='d'>DLC</subfield></datafield><datafield ind1='1' ind2=' ' tag='041'><subfield code='a'>eng</subfield><subfield code='h'>ger</subfield></datafield><datafield ind1=' ' ind2=' ' tag='079'><subfield code='a'>ocn192050075</subfield></datafield><datafield ind1=' ' ind2=' ' tag='090'><subfield code='a'>TK7881.4</subfield><subfield code='b'>.Z6513 2008</subfield></datafield><datafield ind1='1' ind2=' ' tag='100'><subfield code='a'>Zölzer, Udo.</subfield></datafield><datafield ind1='0' ind2='0' tag='240'><subfield code='a'>Digitale Audiosignalverarbeitung.</subfield><subfield code='l'>English</subfield></datafield><datafield ind1='1' ind2='0' tag='245'><subfield code='a'>Digital audio signal processing /</subfield><subfield code='c'>Udo Zölzer.</subfield></datafield><datafield ind1=' ' ind2=' ' tag='250'><subfield code='a'>2nd ed.</subfield></datafield><datafield ind1=' ' ind2=' ' tag='260'><subfield code='a'>Chichester, U.K. :</subfield><subfield code='b'>Wiley</subfield><subfield code='c'>2008.</subfield></datafield><datafield ind1=' ' ind2=' ' tag='300'><subfield code='a'>xii, 320 p. :</subfield><subfield code='b'>ill. ;</subfield><subfield code='c'>26 cm.</subfield></datafield><datafield ind1=' ' ind2=' ' tag='504'><subfield code='a'>Includes bibliographical references (p. 311-316) and index.</subfield></datafield><datafield ind1=' ' ind2='0' tag='650'><subfield code='a'>Sound</subfield><subfield code='x'>Recording and reproducing</subfield><subfield code='x'>Digital techniques.</subfield></datafield><datafield ind1=' ' ind2='0' tag='650'><subfield code='a'>Signal processing</subfield><subfield code='x'>Digital techniques.</subfield></datafield><datafield ind1='4' ind2='2' tag='856'><subfield code='3'>Publisher description</subfield><subfield code='u'>http://www.loc.gov/catdir/enhancements/fy0810/2008006095-d.html</subfield></datafield><datafield ind1=' ' ind2=' ' tag='901'><subfield code='a'>BNA</subfield></datafield><datafield ind1=' ' ind2=' ' tag='901'><subfield code='a'>R7725258</subfield></datafield><datafield ind1=' ' ind2=' ' tag='902'><subfield code='a'>090415AF7001</subfield></datafield><datafield ind1=' ' ind2=' ' tag='907'><subfield code='a'>.b37735032</subfield><subfield code='b'>p    </subfield><subfield code='c'>-</subfield></datafield><datafield ind1=' ' ind2=' ' tag='945'><subfield code='l'>pstk </subfield><subfield code='g'>1</subfield></datafield><datafield ind1=' ' ind2=' ' tag='979'><subfield code='a'>ocn192050075</subfield></datafield><datafield ind1=' ' ind2=' ' tag='998'><subfield code='b'>1</subfield><subfield code='c'>090430</subfield><subfield code='d'>m</subfield><subfield code='e'>a</subfield><subfield code='f'>-</subfield><subfield code='g'>0</subfield></datafield><datafield ind1=' ' ind2=' ' tag='998'><subfield code='b'>1</subfield><subfield code='c'>090430</subfield><subfield code='d'>m</subfield><subfield code='e'>a</subfield><subfield code='f'>-</subfield><subfield code='g'>0</subfield></datafield><datafield ind1=' ' ind2=' ' tag='ADM'><subfield code='b'>2018-03-16 01:44:37</subfield><subfield code='e'>b37735032-01tuli_inst</subfield><subfield code='d'>ILS</subfield><subfield code='a'>2017-06-20 08:39:38</subfield><subfield code='c'>false</subfield></datafield><datafield ind1='0' ind2=' ' tag='HLD'><subfield code='b'>MAIN</subfield><subfield code='c'>stacks</subfield><subfield code='h'>TK7881.4</subfield><subfield code='i'>.Z6513 2008</subfield><subfield code='8'>22284915900003811</subfield></datafield><datafield ind1=' ' ind2=' ' tag='ITM'><subfield code='r'>22284915900003811</subfield><subfield code='b'>0</subfield><subfield code='u'>TECHNICAL</subfield><subfield code='h'>0</subfield><subfield code='g'>stacks</subfield><subfield code='t'>BOOK</subfield><subfield code='9'>39074025389644</subfield><subfield code='e'>stacks</subfield><subfield code='8'>23284915890003811</subfield><subfield code='a'>0</subfield><subfield code='q'>2017-06-20 08:39:38</subfield><subfield code='i'>TK7881.4 .Z6513 2008</subfield><subfield code='d'>MAIN</subfield><subfield code='f'>MAIN</subfield></datafield></record>