
<record xmlns='http://www.loc.gov/MARC21/slim'><leader>05060nam  2200541 i 4500</leader><controlfield tag='001'>991036792257303811</controlfield><controlfield tag='005'>20170815121045.0</controlfield><controlfield tag='006'>m     o  d        </controlfield><controlfield tag='007'>cr -n---------</controlfield><controlfield tag='008'>171024s2008    maua    ob    001   eng d</controlfield><datafield ind1=' ' ind2=' ' tag='010'><subfield code='z'>  2006040507</subfield></datafield><datafield ind1=' ' ind2=' ' tag='015'><subfield code='a'>GBA673065</subfield><subfield code='2'>bnb</subfield></datafield><datafield ind1='7' ind2=' ' tag='016'><subfield code='z'>013537973</subfield><subfield code='2'>Uk</subfield></datafield><datafield ind1=' ' ind2=' ' tag='020'><subfield code='a'>1-280-82180-9</subfield></datafield><datafield ind1=' ' ind2=' ' tag='020'><subfield code='a'>9786610821808</subfield></datafield><datafield ind1=' ' ind2=' ' tag='020'><subfield code='a'>0-470-04197-8</subfield></datafield><datafield ind1=' ' ind2=' ' tag='020'><subfield code='a'>0-470-04196-X</subfield></datafield><datafield ind1='7' ind2=' ' tag='024'><subfield code='a'>10.1002/0470041978</subfield><subfield code='2'>doi</subfield></datafield><datafield ind1=' ' ind2=' ' tag='035'><subfield code='a'>(CKB)1000000000354522</subfield></datafield><datafield ind1=' ' ind2=' ' tag='035'><subfield code='a'>(EBL)287280</subfield></datafield><datafield ind1=' ' ind2=' ' tag='035'><subfield code='a'>(OCoLC)476040210</subfield></datafield><datafield ind1=' ' ind2=' ' tag='035'><subfield code='a'>(SSID)ssj0000289461</subfield></datafield><datafield ind1=' ' ind2=' ' tag='035'><subfield code='a'>(PQKBManifestationID)11218636</subfield></datafield><datafield ind1=' ' ind2=' ' tag='035'><subfield code='a'>(PQKBTitleCode)TC0000289461</subfield></datafield><datafield ind1=' ' ind2=' ' tag='035'><subfield code='a'>(PQKBWorkID)10385522</subfield></datafield><datafield ind1=' ' ind2=' ' tag='035'><subfield code='a'>(PQKB)11050102</subfield></datafield><datafield ind1=' ' ind2=' ' tag='035'><subfield code='a'>(MiAaPQ)EBC287280</subfield></datafield><datafield ind1=' ' ind2=' ' tag='035'><subfield code='a'>(CaBNVSL)mat08039676</subfield></datafield><datafield ind1=' ' ind2=' ' tag='035'><subfield code='a'>(IDAMS)0b00006485f0d7da</subfield></datafield><datafield ind1=' ' ind2=' ' tag='035'><subfield code='a'>(IEEE)8039676</subfield></datafield><datafield ind1=' ' ind2=' ' tag='035'><subfield code='a'>(EXLCZ)991000000000354522</subfield></datafield><datafield ind1=' ' ind2=' ' tag='040'><subfield code='a'>CaBNVSL</subfield><subfield code='b'>eng</subfield><subfield code='e'>rda</subfield><subfield code='c'>CaBNVSL</subfield><subfield code='d'>CaBNVSL</subfield></datafield><datafield ind1=' ' ind2=' ' tag='041'><subfield code='a'>eng</subfield></datafield><datafield ind1=' ' ind2='4' tag='050'><subfield code='a'>TK5102.92</subfield><subfield code='b'>.S73 2007eb</subfield></datafield><datafield ind1='0' ind2='0' tag='082'><subfield code='a'>621.3828</subfield></datafield><datafield ind1='1' ind2=' ' tag='100'><subfield code='a'>Spanias, Andreas,</subfield><subfield code='e'>author.</subfield></datafield><datafield ind1='1' ind2='0' tag='245'><subfield code='a'>Audio signal processing and coding /</subfield><subfield code='c'>Andreas Spanias, Ted Painter, Venkatraman Atti.</subfield></datafield><datafield ind1=' ' ind2='1' tag='264'><subfield code='a'>Hoboken, New Jersey :</subfield><subfield code='b'>Wiley-Interscience,</subfield><subfield code='c'>c2007.</subfield></datafield><datafield ind1=' ' ind2='2' tag='264'><subfield code='a'>[Piscataqay, New Jersey] :</subfield><subfield code='b'>IEEE Xplore,</subfield><subfield code='c'>[2005]</subfield></datafield><datafield ind1=' ' ind2=' ' tag='300'><subfield code='a'>1 online resource (486 p.)</subfield></datafield><datafield ind1=' ' ind2=' ' tag='336'><subfield code='a'>text</subfield><subfield code='b'>txt</subfield></datafield><datafield ind1=' ' ind2=' ' tag='337'><subfield code='a'>computer</subfield><subfield code='b'>c</subfield></datafield><datafield ind1=' ' ind2=' ' tag='338'><subfield code='a'>online resource</subfield><subfield code='b'>cr</subfield></datafield><datafield ind1=' ' ind2=' ' tag='500'><subfield code='a'>Description based upon print version of record.</subfield></datafield><datafield ind1=' ' ind2=' ' tag='546'><subfield code='a'>English</subfield></datafield><datafield ind1=' ' ind2=' ' tag='504'><subfield code='a'>Includes bibliographical references (p. 405-457) and index.</subfield></datafield><datafield ind1='0' ind2=' ' tag='505'><subfield code='a'>Preface. -- 1. Introduction. -- 2. Signal Processing Essentials. -- 3. Quantization and Entropy Coding. -- 4. Linear Prediction in Narrowband and Wideband Coding. -- 5. Psychoacoustic Principles. -- 6. Time-Frequency Analysis: Filter Banks and Transforms. -- 7. Transform Coders. -- 8. Subband Coders. -- 9. Sinusoidal Coders. -- 10. Audio Coding Standards and Algorithms. -- 11. Lossless Audio Coding and Digital Watermarking. -- 12. Quality Measures for Perceptual Audio Coding. -- References. -- Index.</subfield></datafield><datafield ind1=' ' ind2=' ' tag='520'><subfield code='a'>Master algorithms and standards for transparent coding of high-fidelity audio Here is an in-depth treatment of algorithms and standards for transparent coding of high-fidelity audio. Readers learn how algorithms for high-quality digital audio deliver transparent signal reproduction with a minimum number of bits. The unique features of the book include detailed coverage of topics such as filter banks, transform coding, sinusoidal analysis, linear prediction, hybrid algorithms, perceptual evaluation methods, scalable algorithms, Internet applications, MP3 and MP4 stereo systems, and current international and commercial audio standards. Following a general introduction, the authors present fundamental signal processing concepts relevant to audio coding and then introduce waveform and entropy quantization schemes. Next are thorough treatments of the following topics: . Linear prediction, ADPCM, and CELP algorithms for narrowband and wideband coding. Cellular telephony vocoders versus CD-quality audio coders. Perceptual modules including the ISO/IEC 11172-3 (MPEG-1) psychoacoustic analysis model. Detailed descriptions of the MPEG-1 Layer III (MP3) and the AAC (MP4) algorithms. Descriptions of the algorithms behind successful products such as the Apple iPod. Filter bank design and algorithms and the Modified Discrete Cosine Transform (MDCT). Established and emerging standards for transparent coding of CD-quality stereo audio signals. Standardization activities in high-fidelity audio coding, including DVD-Audio, Super Audio CD (SACD), Dolby AC3, Digital, Digital Theater Systems (DTS), and Sony SDDS surround sound. Lossless audio coding and digital audio watermarking techniques, including SHORTEN, DVD-algorithm, MUSICompress, AudioPaK, C-LPAC, LTAC, and IntMDCT lossless coding schemes. Surround sound compression algorithms for cinema and super audio CD applications. Digital audio watermarking, content protection, and copyright issues. Complexity, delay, error control, and subjective quality in perceptual audio coding Computer exercises and MATLAB(R) hands-on projects complement the algorithm theory and reinforce concept learning. A comprehensive bibliography with more than 600 references to additional sources of information to explore individual topics in greater depth. This textbook includes all the right elements and topics for a senior and/or graduate-level course in speech/audio processing and multimedia. Moreover, it is highly recommended for practitioners, scientists, and audio engineers who want to master coding algorithms for high-fidelity audio.</subfield></datafield><datafield ind1=' ' ind2=' ' tag='506'><subfield code='a'>Restricted to subscribers or individual electronic text purchasers.</subfield></datafield><datafield ind1=' ' ind2=' ' tag='530'><subfield code='a'>Also available in print.</subfield></datafield><datafield ind1=' ' ind2=' ' tag='538'><subfield code='a'>Mode of access: World Wide Web</subfield></datafield><datafield ind1=' ' ind2=' ' tag='588'><subfield code='a'>Description based on PDF viewed 10/24/2017.</subfield></datafield><datafield ind1=' ' ind2='0' tag='650'><subfield code='a'>Coding theory.</subfield></datafield><datafield ind1=' ' ind2='0' tag='650'><subfield code='a'>Signal processing</subfield><subfield code='x'>Digital techniques.</subfield></datafield><datafield ind1=' ' ind2='0' tag='650'><subfield code='a'>Sound</subfield><subfield code='x'>Recording and reproducing</subfield><subfield code='x'>Digital techniques.</subfield></datafield><datafield ind1=' ' ind2='4' tag='655'><subfield code='a'>Electronic books.</subfield></datafield><datafield ind1=' ' ind2=' ' tag='776'><subfield code='z'>0-471-79147-4</subfield></datafield><datafield ind1='1' ind2=' ' tag='700'><subfield code='a'>Painter, Ted,</subfield><subfield code='d'>1967-</subfield></datafield><datafield ind1='1' ind2=' ' tag='700'><subfield code='a'>Atti, Venkatraman,</subfield><subfield code='d'>1978-</subfield></datafield><datafield ind1=' ' ind2=' ' tag='906'><subfield code='a'>BOOK</subfield></datafield><datafield ind1=' ' ind2=' ' tag='PRT'><subfield code='a'>53363192510003811</subfield><subfield code='b'>https://sandbox01-na.alma.exlibrisgroup.com/view/uresolver/01TULI_INST/openurl?u.ignore_date_coverage=true&amp;rft.mms_id=991036792257303811</subfield><subfield code='e'>Wiley Online Library</subfield><subfield code='c'>Wiley Online Library UBCM all Online Books</subfield><subfield code='h'>613800000000000218</subfield><subfield code='8'>53363192510003811</subfield></datafield></record>