
<record xmlns='http://www.loc.gov/MARC21/slim'><leader>01246nam a2200385 a 4500</leader><controlfield tag='005'>20170825174327.0</controlfield><controlfield tag='008'>980422s1997    xxka     b    001 0 eng d</controlfield><controlfield tag='001'>991001766569703811</controlfield><datafield ind1=' ' ind2=' ' tag='020'><subfield code='a'>0471972266</subfield></datafield><datafield ind1=' ' ind2=' ' tag='035'><subfield code='a'>(PPT)b1802791x-01tuli_inst</subfield></datafield><datafield ind1=' ' ind2=' ' tag='035'><subfield code='a'>(CStRLIN)ocn481915276</subfield><subfield code='9'>ExL</subfield></datafield><datafield ind1=' ' ind2=' ' tag='035'><subfield code='a'>PATG98-B04952</subfield></datafield><datafield ind1=' ' ind2=' ' tag='035'><subfield code='a'>ocm37694831</subfield></datafield><datafield ind1=' ' ind2=' ' tag='035'><subfield code='a'>(OCLC)ocm37694831</subfield></datafield><datafield ind1=' ' ind2=' ' tag='040'><subfield code='c'>PSt</subfield><subfield code='d'>CStRLIN</subfield><subfield code='d'>PPT</subfield></datafield><datafield ind1='1' ind2=' ' tag='041'><subfield code='a'>eng</subfield><subfield code='h'>ger</subfield></datafield><datafield ind1=' ' ind2=' ' tag='079'><subfield code='a'>ocm37694831</subfield></datafield><datafield ind1=' ' ind2=' ' tag='090'><subfield code='a'>TK5102.9.Z6513x 1997</subfield></datafield><datafield ind1='1' ind2=' ' tag='100'><subfield code='a'>Zölzer, Udo.</subfield></datafield><datafield ind1='0' ind2='0' tag='240'><subfield code='a'>Digitale Audiosignalverarbeitung.</subfield><subfield code='l'>English.</subfield></datafield><datafield ind1='1' ind2='0' tag='245'><subfield code='a'>Digital audio signal processing /</subfield><subfield code='c'>Udo Zölzer.</subfield></datafield><datafield ind1=' ' ind2=' ' tag='260'><subfield code='a'>Chichester ;</subfield><subfield code='a'>New York :</subfield><subfield code='b'>Wiley,</subfield><subfield code='c'>c1997.</subfield></datafield><datafield ind1=' ' ind2=' ' tag='300'><subfield code='a'>x, 279 p. :</subfield><subfield code='b'>ill. ;</subfield><subfield code='c'>26 cm.</subfield></datafield><datafield ind1=' ' ind2=' ' tag='504'><subfield code='a'>Includes bibliographical references (p. 267-275) and index.</subfield></datafield><datafield ind1=' ' ind2='0' tag='650'><subfield code='a'>Signal processing</subfield><subfield code='x'>Digital techniques.</subfield></datafield><datafield ind1=' ' ind2='0' tag='650'><subfield code='a'>Electronic music</subfield><subfield code='x'>Digital techniques.</subfield></datafield><datafield ind1=' ' ind2=' ' tag='902'><subfield code='a'>170316</subfield></datafield><datafield ind1=' ' ind2=' ' tag='907'><subfield code='a'>.b1802791x</subfield><subfield code='b'>p    </subfield><subfield code='c'>-</subfield></datafield><datafield ind1=' ' ind2=' ' tag='935'><subfield code='a'>00872839</subfield></datafield><datafield ind1=' ' ind2=' ' tag='945'><subfield code='l'>pstk </subfield><subfield code='g'>1</subfield></datafield><datafield ind1=' ' ind2=' ' tag='950'><subfield code='l'>TECH</subfield><subfield code='i'>04/22/98 N</subfield></datafield><datafield ind1=' ' ind2=' ' tag='955'><subfield code='l'>TECH</subfield><subfield code='c'>0</subfield><subfield code='r'>39074011590759</subfield><subfield code='i'>04/22/98 C</subfield></datafield><datafield ind1=' ' ind2=' ' tag='979'><subfield code='a'>ocm37694831</subfield></datafield><datafield ind1=' ' ind2=' ' tag='998'><subfield code='b'>1</subfield><subfield code='c'>990101</subfield><subfield code='d'>m</subfield><subfield code='e'>a</subfield><subfield code='f'>-</subfield><subfield code='g'>0</subfield></datafield><datafield ind1=' ' ind2=' ' tag='998'><subfield code='a'>04/22/98</subfield><subfield code='t'>c</subfield><subfield code='s'>9115</subfield><subfield code='l'>PATG</subfield><subfield code='n'>PPT</subfield><subfield code='w'>NYCXAQF0376B</subfield><subfield code='d'>04/22/98</subfield><subfield code='c'>RM</subfield><subfield code='b'>DH</subfield></datafield><datafield ind1=' ' ind2=' ' tag='ADM'><subfield code='b'>2017-08-25 21:43:27</subfield><subfield code='e'>b1802791x-01tuli_inst</subfield><subfield code='d'>ILS</subfield><subfield code='a'>2017-06-20 14:20:21</subfield><subfield code='c'>false</subfield></datafield><datafield ind1='0' ind2=' ' tag='HLD'><subfield code='b'>MAIN</subfield><subfield code='c'>stacks</subfield><subfield code='h'>TK5102.9.Z6513x 1997</subfield><subfield code='8'>22330944120003811</subfield></datafield><datafield ind1=' ' ind2=' ' tag='ITM'><subfield code='r'>22330944120003811</subfield><subfield code='b'>1</subfield><subfield code='h'>0</subfield><subfield code='g'>stacks</subfield><subfield code='t'>BOOK</subfield><subfield code='9'>39074011590759</subfield><subfield code='e'>stacks</subfield><subfield code='8'>23330944110003811</subfield><subfield code='a'>0</subfield><subfield code='q'>2017-06-20 14:20:21</subfield><subfield code='i'>TK5102.9.Z6513x 1997</subfield><subfield code='d'>MAIN</subfield><subfield code='f'>MAIN</subfield></datafield></record>