
<record xmlns='http://www.loc.gov/MARC21/slim'><leader>01443cam a22004330  4500</leader><controlfield tag='008'>860114s1985    caua     b    00100 eng  </controlfield><controlfield tag='005'>20170826000019.0</controlfield><controlfield tag='001'>991016479649703811</controlfield><datafield ind1=' ' ind2=' ' tag='010'><subfield code='a'>84017133/MN</subfield></datafield><datafield ind1=' ' ind2=' ' tag='020'><subfield code='a'>0865760829</subfield></datafield><datafield ind1=' ' ind2=' ' tag='035'><subfield code='a'>(PPT)b13357025-01tuli_inst</subfield></datafield><datafield ind1=' ' ind2=' ' tag='035'><subfield code='a'>ocn471304833</subfield><subfield code='9'>ExL</subfield></datafield><datafield ind1=' ' ind2=' ' tag='035'><subfield code='a'>PATG86-B01597</subfield></datafield><datafield ind1=' ' ind2=' ' tag='035'><subfield code='a'>ocm11045121</subfield></datafield><datafield ind1=' ' ind2=' ' tag='035'><subfield code='a'>(OCLC)ocm11045121</subfield></datafield><datafield ind1=' ' ind2=' ' tag='040'><subfield code='d'>CStRLIN</subfield><subfield code='d'>PPT</subfield></datafield><datafield ind1=' ' ind2=' ' tag='079'><subfield code='a'>ocm11045121</subfield></datafield><datafield ind1=' ' ind2=' ' tag='090'><subfield code='a'>TK5102.5.D445 1985</subfield></datafield><datafield ind1='0' ind2='0' tag='245'><subfield code='a'>Digital audio signal processing :</subfield><subfield code='b'>an anthology /</subfield><subfield code='c'>John Strawn, editor ; with contributions by F. Richard Moore ... [et al.].</subfield></datafield><datafield ind1=' ' ind2=' ' tag='260'><subfield code='a'>Los Altos, Calif. :</subfield><subfield code='b'>W. Kaufmann,</subfield><subfield code='c'>c1985.</subfield></datafield><datafield ind1=' ' ind2=' ' tag='300'><subfield code='a'>xiv, 283 p. :</subfield><subfield code='b'>ill. ;</subfield><subfield code='c'>24 cm.</subfield></datafield><datafield ind1=' ' ind2='4' tag='440'><subfield code='a'>The Computer music and digital audio series</subfield></datafield><datafield ind1=' ' ind2=' ' tag='504'><subfield code='a'>Includes bibliographical references and indexes.</subfield></datafield><datafield ind1=' ' ind2='0' tag='650'><subfield code='a'>Electronic music</subfield><subfield code='x'>Instruction and study.</subfield></datafield><datafield ind1=' ' ind2='0' tag='650'><subfield code='a'>Signal processing</subfield><subfield code='x'>Digital techniques.</subfield></datafield><datafield ind1='1' ind2='0' tag='700'><subfield code='a'>Strawn, John,</subfield><subfield code='d'>1950-</subfield></datafield><datafield ind1='1' ind2='0' tag='700'><subfield code='a'>Moore, F. Richard.</subfield></datafield><datafield ind1=' ' ind2=' ' tag='902'><subfield code='a'>110607</subfield></datafield><datafield ind1=' ' ind2=' ' tag='907'><subfield code='a'>.b13357025</subfield><subfield code='b'>multi</subfield><subfield code='c'>-</subfield></datafield><datafield ind1=' ' ind2=' ' tag='935'><subfield code='a'>00356137</subfield></datafield><datafield ind1=' ' ind2=' ' tag='945'><subfield code='l'>kstk </subfield><subfield code='g'>1</subfield></datafield><datafield ind1=' ' ind2=' ' tag='945'><subfield code='l'>pstk </subfield><subfield code='g'>1</subfield></datafield><datafield ind1=' ' ind2=' ' tag='950'><subfield code='l'>P</subfield><subfield code='h'>01/14/86 C</subfield></datafield><datafield ind1=' ' ind2=' ' tag='950'><subfield code='l'>TECH</subfield><subfield code='i'>08/20/86 C</subfield></datafield><datafield ind1=' ' ind2=' ' tag='955'><subfield code='l'>P</subfield><subfield code='h'>01/14/86 C</subfield></datafield><datafield ind1=' ' ind2=' ' tag='955'><subfield code='l'>TECH</subfield><subfield code='q'>86-B1597-1</subfield><subfield code='i'>08/20/86 C</subfield></datafield><datafield ind1=' ' ind2=' ' tag='979'><subfield code='a'>ocm11045121</subfield></datafield><datafield ind1=' ' ind2=' ' tag='998'><subfield code='b'>2</subfield><subfield code='c'>990101</subfield><subfield code='d'>m</subfield><subfield code='e'>a</subfield><subfield code='f'>-</subfield><subfield code='g'>0</subfield></datafield><datafield ind1=' ' ind2=' ' tag='998'><subfield code='a'>08/20/86</subfield><subfield code='t'>b</subfield><subfield code='s'>9110</subfield><subfield code='n'>PPT</subfield><subfield code='w'>NJPG84B49320</subfield><subfield code='d'>01/14/86</subfield><subfield code='c'>MFK</subfield><subfield code='b'>IO</subfield><subfield code='i'>860820</subfield><subfield code='h'>860114</subfield><subfield code='l'>PATG</subfield></datafield><datafield ind1=' ' ind2=' ' tag='ADM'><subfield code='b'>2017-11-29 08:14:33</subfield><subfield code='e'>b13357025-01tuli_inst</subfield><subfield code='d'>ILS</subfield><subfield code='a'>2017-06-20 10:32:06</subfield><subfield code='c'>false</subfield></datafield><datafield ind1='0' ind2=' ' tag='HLD'><subfield code='b'>KARDON</subfield><subfield code='c'>p_remote</subfield><subfield code='h'>TK5102.5.D445 1985</subfield><subfield code='8'>22303826690003811</subfield></datafield><datafield ind1='0' ind2=' ' tag='HLD'><subfield code='b'>MAIN</subfield><subfield code='c'>stacks</subfield><subfield code='h'>TK5102.5.D445 1985</subfield><subfield code='8'>22303826670003811</subfield></datafield><datafield ind1=' ' ind2=' ' tag='ITM'><subfield code='r'>22303826690003811</subfield><subfield code='b'>1</subfield><subfield code='h'>0</subfield><subfield code='g'>p_remote</subfield><subfield code='t'>BOOK</subfield><subfield code='9'>39074003793106</subfield><subfield code='e'>p_remote</subfield><subfield code='8'>23303826680003811</subfield><subfield code='a'>0</subfield><subfield code='q'>2017-06-20 10:32:06</subfield><subfield code='i'>TK5102.5.D445 1985</subfield><subfield code='d'>KARDON</subfield><subfield code='f'>KARDON</subfield></datafield><datafield ind1=' ' ind2=' ' tag='ITM'><subfield code='r'>22303826670003811</subfield><subfield code='b'>1</subfield><subfield code='h'>0</subfield><subfield code='g'>stacks</subfield><subfield code='t'>BOOK</subfield><subfield code='9'>39074002887511</subfield><subfield code='e'>stacks</subfield><subfield code='8'>23303826660003811</subfield><subfield code='a'>0</subfield><subfield code='q'>2017-06-20 10:32:06</subfield><subfield code='i'>TK5102.5.D445 1985</subfield><subfield code='d'>MAIN</subfield><subfield code='f'>MAIN</subfield></datafield></record>