
<record xmlns='http://www.loc.gov/MARC21/slim'><leader>03457nam a22005295i 4500</leader><controlfield tag='001'>991036798027603811</controlfield><controlfield tag='005'>20170918180206.0</controlfield><controlfield tag='006'>m     o  d |      </controlfield><controlfield tag='007'>cr -n---------</controlfield><controlfield tag='008'>100301s2006    xxu|    o    |||| 0|eng d</controlfield><datafield ind1=' ' ind2=' ' tag='010'><subfield code='z'>  2005934526</subfield></datafield><datafield ind1='7' ind2=' ' tag='016'><subfield code='z'>975908588</subfield><subfield code='2'>GyFmDB</subfield></datafield><datafield ind1=' ' ind2=' ' tag='020'><subfield code='a'>0-387-28503-2</subfield></datafield><datafield ind1='7' ind2=' ' tag='024'><subfield code='a'>10.1007/0-387-28503-2</subfield><subfield code='2'>doi</subfield></datafield><datafield ind1=' ' ind2=' ' tag='035'><subfield code='a'>(CKB)1000000000492012</subfield></datafield><datafield ind1=' ' ind2=' ' tag='035'><subfield code='a'>(EBL)971529</subfield></datafield><datafield ind1=' ' ind2=' ' tag='035'><subfield code='a'>(OCoLC)831121151</subfield></datafield><datafield ind1=' ' ind2=' ' tag='035'><subfield code='a'>(SSID)ssj0000318206</subfield></datafield><datafield ind1=' ' ind2=' ' tag='035'><subfield code='a'>(PQKBManifestationID)11211566</subfield></datafield><datafield ind1=' ' ind2=' ' tag='035'><subfield code='a'>(PQKBTitleCode)TC0000318206</subfield></datafield><datafield ind1=' ' ind2=' ' tag='035'><subfield code='a'>(PQKBWorkID)10308970</subfield></datafield><datafield ind1=' ' ind2=' ' tag='035'><subfield code='a'>(PQKB)10668137</subfield></datafield><datafield ind1=' ' ind2=' ' tag='035'><subfield code='a'>(SSID)ssj0000770856</subfield></datafield><datafield ind1=' ' ind2=' ' tag='035'><subfield code='a'>(PQKBManifestationID)12349825</subfield></datafield><datafield ind1=' ' ind2=' ' tag='035'><subfield code='a'>(PQKBTitleCode)TC0000770856</subfield></datafield><datafield ind1=' ' ind2=' ' tag='035'><subfield code='a'>(PQKBWorkID)10808911</subfield></datafield><datafield ind1=' ' ind2=' ' tag='035'><subfield code='a'>(PQKB)11019110</subfield></datafield><datafield ind1=' ' ind2=' ' tag='035'><subfield code='a'>(DE-He213)978-0-387-28503-0</subfield></datafield><datafield ind1=' ' ind2=' ' tag='035'><subfield code='a'>(MiAaPQ)EBC971529</subfield></datafield><datafield ind1=' ' ind2=' ' tag='035'><subfield code='a'>(EXLCZ)991000000000492012</subfield></datafield><datafield ind1=' ' ind2=' ' tag='040'><subfield code='a'>MiAaPQ</subfield><subfield code='c'>MiAaPQ</subfield><subfield code='d'>MiAaPQ</subfield></datafield><datafield ind1=' ' ind2=' ' tag='041'><subfield code='a'>eng</subfield></datafield><datafield ind1=' ' ind2='4' tag='050'><subfield code='a'>T57-57.97</subfield></datafield><datafield ind1=' ' ind2='7' tag='072'><subfield code='a'>PBW</subfield><subfield code='2'>bicssc</subfield></datafield><datafield ind1=' ' ind2='7' tag='072'><subfield code='a'>MAT003000</subfield><subfield code='2'>bisacsh</subfield></datafield><datafield ind1='0' ind2='0' tag='082'><subfield code='a'>621.3893</subfield></datafield><datafield ind1='1' ind2=' ' tag='100'><subfield code='a'>Bharitkar, Sunil.</subfield></datafield><datafield ind1='1' ind2='0' tag='245'><subfield code='a'>Immersive Audio Signal Processing</subfield><subfield code='h'>[electronic resource] /</subfield><subfield code='c'>edited by Sunil Bharitkar, Chris Kyriakakis.</subfield></datafield><datafield ind1=' ' ind2='1' tag='264'><subfield code='a'>New York, NY :</subfield><subfield code='b'>Springer New York,</subfield><subfield code='c'>2006.</subfield></datafield><datafield ind1=' ' ind2=' ' tag='300'><subfield code='a'>1 online resource (221 p.)</subfield></datafield><datafield ind1=' ' ind2=' ' tag='336'><subfield code='a'>text</subfield><subfield code='b'>txt</subfield></datafield><datafield ind1=' ' ind2=' ' tag='337'><subfield code='a'>computer</subfield><subfield code='b'>c</subfield></datafield><datafield ind1=' ' ind2=' ' tag='338'><subfield code='a'>online resource</subfield><subfield code='b'>cr</subfield></datafield><datafield ind1=' ' ind2=' ' tag='347'><subfield code='a'>text file</subfield><subfield code='b'>PDF</subfield><subfield code='2'>rda</subfield></datafield><datafield ind1='1' ind2=' ' tag='490'><subfield code='a'>Information Technology: Transmission, Processing and Storage</subfield></datafield><datafield ind1=' ' ind2=' ' tag='500'><subfield code='a'>Description based upon print version of record.</subfield></datafield><datafield ind1=' ' ind2=' ' tag='546'><subfield code='a'>English</subfield></datafield><datafield ind1=' ' ind2=' ' tag='504'><subfield code='a'>Includes bibliographical references and index.</subfield></datafield><datafield ind1='0' ind2=' ' tag='505'><subfield code='a'>Digital Signal Processing for Audio and Acoustics -- Foundations of Digital Signal Processing for Audio and Acoustics -- Filter Design for Audio Applications -- Acoustics and Auditory Perception -- to Acoustics and Auditory Perception -- Immersive Audio Processing -- Immersive Audio Synthesis and Rendering Over Loudspeakers -- Multiple Position Room Response Equalization -- Practical Considerations for Multichannel Equalization -- Robustness of Equalization to Displacement Effects: Part I -- Robustness of Equalization to Displacement Effects: Part II -- Selective Audio Signal Cancellation.</subfield></datafield><datafield ind1=' ' ind2=' ' tag='520'><subfield code='a'>This text introduces graduate students and researchers to the basics of digital signal processing relevant to audio/acoustics and psychoacoustics and a variety of topics and latest results in immersive audio processing research. Kay features: Covers relevant background material adequately Topics include immersive audio synthesis and rendering, multichannel room equalization, audio selective signal cancellation, signal processing for audio applications, surround sound processing, psychoacoustics and its incorporation in audio signal processing algorithms for solving various problems Real-world measurements depicted in the book demonstrate efficiency and power of the various solutions presented This timely graduate textbook targets courses on Immersive Audio Signal Processing, DSP and Multimedia Processing, and is an invaluable reference for researchers interested in understanding the synergy between acoustics/audio signal processing and psychoacoustics, and how these are melded to solve various hot topics in immersive multichannel audio processing.</subfield></datafield><datafield ind1=' ' ind2='0' tag='650'><subfield code='a'>Signal processing</subfield><subfield code='x'>Digital techniques.</subfield></datafield><datafield ind1=' ' ind2='0' tag='650'><subfield code='a'>Sound</subfield><subfield code='x'>Recording and reproducing</subfield><subfield code='x'>Digital techniques.</subfield></datafield><datafield ind1=' ' ind2='0' tag='650'><subfield code='a'>Acoustical engineering.</subfield></datafield><datafield ind1=' ' ind2='4' tag='655'><subfield code='a'>Electronic books.</subfield></datafield><datafield ind1=' ' ind2=' ' tag='776'><subfield code='z'>1-4419-2105-2</subfield></datafield><datafield ind1=' ' ind2=' ' tag='776'><subfield code='z'>0-387-28453-2</subfield></datafield><datafield ind1='1' ind2=' ' tag='700'><subfield code='a'>Bharitkar, Sunil.</subfield><subfield code='e'>editor.</subfield></datafield><datafield ind1='1' ind2=' ' tag='700'><subfield code='a'>Kyriakakis, Chris.</subfield><subfield code='e'>editor.</subfield></datafield><datafield ind1=' ' ind2='0' tag='830'><subfield code='a'>Information Technology: Transmission, Processing and Storage</subfield></datafield><datafield ind1=' ' ind2=' ' tag='906'><subfield code='a'>BOOK</subfield></datafield><datafield ind1=' ' ind2=' ' tag='ADM'><subfield code='b'>2018-02-22 12:20:24</subfield><subfield code='e'>991000000000492012</subfield><subfield code='d'>NON_SFX</subfield><subfield code='f'>20151204165254.0</subfield><subfield code='a'>2012-02-25 23:06:22</subfield><subfield code='c'>false</subfield></datafield><datafield ind1=' ' ind2=' ' tag='PRT'><subfield code='a'>53366119970003811</subfield><subfield code='b'>https://sandbox01-na.alma.exlibrisgroup.com/view/uresolver/01TULI_INST/openurl?u.ignore_date_coverage=true&amp;rft.mms_id=991036798027603811</subfield><subfield code='e'>Springer Link</subfield><subfield code='9'>Available</subfield><subfield code='c'>SpringerLink Books Complete</subfield><subfield code='h'>611000000000001381</subfield><subfield code='8'>53366119970003811</subfield></datafield></record>