
<record xmlns='http://www.loc.gov/MARC21/slim'><leader>03590cam a2200565Ia 4500</leader><controlfield tag='005'>20150320070723.6</controlfield><controlfield tag='006'>m     o  d        </controlfield><controlfield tag='007'>cr cn|||||||||</controlfield><controlfield tag='008'>090209s2006    nyua    ob    001 0 eng d</controlfield><controlfield tag='001'>991020209099703811</controlfield><datafield ind1=' ' ind2=' ' tag='020'><subfield code='a'>9780387285030</subfield></datafield><datafield ind1=' ' ind2=' ' tag='020'><subfield code='a'>0387285032</subfield></datafield><datafield ind1=' ' ind2=' ' tag='020'><subfield code='z'>0387284532 (hbk.)</subfield></datafield><datafield ind1=' ' ind2=' ' tag='020'><subfield code='z'>9780387284538</subfield></datafield><datafield ind1=' ' ind2=' ' tag='035'><subfield code='a'>(PPT)b49626206-01tuli_inst</subfield></datafield><datafield ind1=' ' ind2=' ' tag='035'><subfield code='a'>(OCoLC)302285514</subfield><subfield code='z'>(OCoLC)488908640</subfield><subfield code='z'>(OCoLC)646772074</subfield></datafield><datafield ind1=' ' ind2=' ' tag='037'><subfield code='a'>978-0-387-28453-8</subfield><subfield code='b'>Springer</subfield><subfield code='n'>http://www.springerlink.com</subfield></datafield><datafield ind1=' ' ind2=' ' tag='040'><subfield code='a'>GW5XE</subfield><subfield code='b'>eng</subfield><subfield code='c'>GW5XE</subfield><subfield code='d'>CEF</subfield><subfield code='d'>OCLCQ</subfield><subfield code='d'>E7B</subfield><subfield code='d'>YDXCP</subfield><subfield code='d'>OCLCQ</subfield><subfield code='d'>A7U</subfield><subfield code='d'>OCLCQ</subfield><subfield code='d'>OCLCF</subfield><subfield code='d'>DKDLA</subfield></datafield><datafield ind1=' ' ind2=' ' tag='049'><subfield code='a'>TEUU</subfield></datafield><datafield ind1=' ' ind2='7' tag='072'><subfield code='a'>TK</subfield><subfield code='2'>lcco</subfield></datafield><datafield ind1=' ' ind2='7' tag='072'><subfield code='a'>QC</subfield><subfield code='2'>lcco</subfield></datafield><datafield ind1=' ' ind2=' ' tag='090'><subfield code='a'>TK5102.9</subfield><subfield code='b'>.B4637 2006eb</subfield></datafield><datafield ind1='1' ind2=' ' tag='100'><subfield code='a'>Bharitkar, Sunil.</subfield></datafield><datafield ind1='1' ind2='0' tag='245'><subfield code='a'>Immersive audio signal processing</subfield><subfield code='h'>[electronic resource] /</subfield><subfield code='c'>Sunil Bharitkar, Chris Kyriakakis.</subfield></datafield><datafield ind1=' ' ind2=' ' tag='260'><subfield code='a'>New York :</subfield><subfield code='b'>Springer,</subfield><subfield code='c'>2006.</subfield></datafield><datafield ind1=' ' ind2=' ' tag='300'><subfield code='a'>1 online resource (xiv, 215 p.) :</subfield><subfield code='b'>ill.</subfield></datafield><datafield ind1='1' ind2=' ' tag='490'><subfield code='a'>Information technology--transmission, processing, and storage</subfield></datafield><datafield ind1=' ' ind2=' ' tag='500'><subfield code='a'>Textbook for graduates.</subfield></datafield><datafield ind1=' ' ind2=' ' tag='504'><subfield code='a'>Includes bibliographical references and index.</subfield></datafield><datafield ind1='0' ind2=' ' tag='505'><subfield code='a'>pt. 1. Digital signal processing for audio and acoustics -- pt. 2. Acoustics and auditory perception -- pt. 3. Immersive audio processing.</subfield></datafield><datafield ind1=' ' ind2=' ' tag='588'><subfield code='a'>Description based on print version record.</subfield></datafield><datafield ind1='8' ind2=' ' tag='520'><subfield code='a'>This text introduces graduate students and researchers to the basics of digital signal processing relevant to audio/acoustics and psychoacoustics and a variety of topics and latest results in immersive audio processing research.Kay features: Covers relevant background material adequately Topics include immersive audio synthesis and rendering, multichannel room equalization, audio selective signal cancellation, signal processing for audio applications, surround sound processing, psychoacoustics and its incorporation in audio signal processing algorithms for solving various problems Real-world measurements depicted in the book demonstrate efficiency and power of the various solutions presented This timely graduate textbook targets courses on Immersive Audio Signal Processing, DSP and Multimedia Processing, and is an invaluable reference for researchers interested in understanding the synergy between acoustics/audio signal processing and psychoacoustics, and how these are melded to solve various hot topics in immersive multichannel audio processing</subfield></datafield><datafield ind1=' ' ind2=' ' tag='590'><subfield code='a'>Access is available to the Temple Community through use of a networked computer with a Temple IP address.</subfield></datafield><datafield ind1=' ' ind2='0' tag='650'><subfield code='a'>Signal processing</subfield><subfield code='x'>Digital techniques.</subfield></datafield><datafield ind1=' ' ind2='0' tag='650'><subfield code='a'>Sound</subfield><subfield code='x'>Recording and reproducing</subfield><subfield code='x'>Digital techniques.</subfield></datafield><datafield ind1=' ' ind2='0' tag='650'><subfield code='a'>Acoustical engineering.</subfield></datafield><datafield ind1=' ' ind2='7' tag='650'><subfield code='a'>Acoustical engineering.</subfield><subfield code='2'>fast</subfield><subfield code='0'>(OCoLC)fst00795936</subfield></datafield><datafield ind1=' ' ind2='7' tag='650'><subfield code='a'>Signal processing</subfield><subfield code='x'>Digital techniques.</subfield><subfield code='2'>fast</subfield><subfield code='0'>(OCoLC)fst01118285</subfield></datafield><datafield ind1=' ' ind2='7' tag='650'><subfield code='a'>Sound</subfield><subfield code='x'>Recording and reproducing</subfield><subfield code='x'>Digital techniques.</subfield><subfield code='2'>fast</subfield><subfield code='0'>(OCoLC)fst01126959</subfield></datafield><datafield ind1=' ' ind2='4' tag='655'><subfield code='a'>Electronic books.</subfield></datafield><datafield ind1='1' ind2=' ' tag='700'><subfield code='a'>Kyriakakis, Chris.</subfield></datafield><datafield ind1='2' ind2=' ' tag='710'><subfield code='a'>SpringerLink (Online service)</subfield></datafield><datafield ind1='0' ind2='8' tag='776'><subfield code='i'>Print version:</subfield><subfield code='a'>Bharitkar, Sunil.</subfield><subfield code='t'>Immersive audio signal processing.</subfield><subfield code='d'>New York : Springer, 2006</subfield><subfield code='z'>0387284532</subfield><subfield code='z'>9780387284538</subfield><subfield code='w'>(DLC)  2005934526</subfield><subfield code='w'>(OCoLC)63514158</subfield></datafield><datafield ind1=' ' ind2='0' tag='830'><subfield code='a'>Information technology--transmission, processing, and storage (Online)</subfield></datafield><datafield ind1='4' ind2='0' tag='856'><subfield code='z'>Access full text online.</subfield><subfield code='u'>http://libproxy.temple.edu/login?url=http://link.springer.com/10.1007/0-387-28503-2</subfield></datafield><datafield ind1=' ' ind2=' ' tag='907'><subfield code='a'>.b49626206</subfield><subfield code='b'>w    </subfield><subfield code='c'>-</subfield></datafield><datafield ind1=' ' ind2=' ' tag='902'><subfield code='a'>170601</subfield></datafield><datafield ind1=' ' ind2=' ' tag='998'><subfield code='b'>0</subfield><subfield code='c'>110925</subfield><subfield code='d'>m</subfield><subfield code='e'>@</subfield><subfield code='f'>-</subfield><subfield code='g'>0</subfield></datafield><datafield ind1=' ' ind2=' ' tag='902'><subfield code='a'>SpringerLink 2015-09-30</subfield></datafield><datafield ind1=' ' ind2=' ' tag='945'><subfield code='l'>w    </subfield><subfield code='g'>1</subfield></datafield><datafield ind1=' ' ind2=' ' tag='ADM'><subfield code='e'>b49626206-01tuli_inst</subfield><subfield code='d'>ILS</subfield><subfield code='a'>2017-06-20 09:29:10</subfield><subfield code='c'>false</subfield></datafield><datafield ind1=' ' ind2=' ' tag='PRT'><subfield code='a'>53376533920003811</subfield><subfield code='b'>https://sandbox01-na.alma.exlibrisgroup.com/view/uresolver/01TULI_INST/openurl?u.ignore_date_coverage=true&amp;rft.mms_id=991020209099703811</subfield><subfield code='f'>Access full text online.</subfield><subfield code='9'>Available</subfield><subfield code='d'>MAIN</subfield><subfield code='c'>SpringerLink Ebooks</subfield><subfield code='8'>53376533920003811</subfield></datafield></record>