
<record xmlns='http://www.loc.gov/MARC21/slim'><leader>00271camZa2200097zZZ4500</leader><controlfield tag='001'>991036737770703811</controlfield><controlfield tag='005'>20160727151926.0</controlfield><controlfield tag='008'>121018u1991uuuuuuuuu-|-o----u|----|eng-d</controlfield><datafield ind1=' ' ind2=' ' tag='035'><subfield code='a'>(CKB)1000000000037647</subfield></datafield><datafield ind1=' ' ind2=' ' tag='035'><subfield code='a'>(EXLCZ)991000000000037647</subfield></datafield><datafield ind1=' ' ind2=' ' tag='245'><subfield code='a'>Digital Audio Signal Processing, IEE Colloquium on</subfield></datafield><datafield ind1=' ' ind2=' ' tag='906'><subfield code='a'>PROCEEDING</subfield></datafield><datafield ind1=' ' ind2=' ' tag='ADM'><subfield code='b'>2017-06-20 21:06:20</subfield><subfield code='e'>991000000000037647</subfield><subfield code='d'>NON_SFX</subfield><subfield code='a'>2012-02-25 22:19:51</subfield><subfield code='c'>false</subfield></datafield><datafield ind1=' ' ind2=' ' tag='PRT'><subfield code='a'>53350177290003811</subfield><subfield code='b'>https://sandbox01-na.alma.exlibrisgroup.com/view/uresolver/01TULI_INST/openurl?u.ignore_date_coverage=true&amp;rft.mms_id=991036737770703811</subfield><subfield code='e'>IEEE Xplore</subfield><subfield code='9'>Available</subfield><subfield code='c'>IEEE/IET Electronic Library (IEL) Conference Proceedings</subfield><subfield code='h'>61111026746359000</subfield><subfield code='8'>53350177290003811</subfield></datafield></record>