
<record xmlns='http://www.loc.gov/MARC21/slim'><leader>01478nam  2200349Ia 4500</leader><controlfield tag='001'>991036749547003811</controlfield><controlfield tag='005'>20170816122034.0</controlfield><controlfield tag='006'>m     o  d |      </controlfield><controlfield tag='007'>cr -n---------</controlfield><controlfield tag='008'>090616s2010    flua    ob    001 0 eng d</controlfield><datafield ind1=' ' ind2=' ' tag='010'><subfield code='z'>  2009022594</subfield></datafield><datafield ind1=' ' ind2=' ' tag='020'><subfield code='a'>1-282-34415-3</subfield></datafield><datafield ind1=' ' ind2=' ' tag='020'><subfield code='a'>9786612344152</subfield></datafield><datafield ind1=' ' ind2=' ' tag='020'><subfield code='a'>1-4200-4609-8</subfield></datafield><datafield ind1=' ' ind2=' ' tag='035'><subfield code='a'>(CKB)2560000000008062</subfield></datafield><datafield ind1=' ' ind2=' ' tag='035'><subfield code='a'>(EBL)565985</subfield></datafield><datafield ind1=' ' ind2=' ' tag='035'><subfield code='a'>(OCoLC)664233812</subfield></datafield><datafield ind1=' ' ind2=' ' tag='035'><subfield code='a'>(SSID)ssj0000312728</subfield></datafield><datafield ind1=' ' ind2=' ' tag='035'><subfield code='a'>(PQKBManifestationID)11246522</subfield></datafield><datafield ind1=' ' ind2=' ' tag='035'><subfield code='a'>(PQKBTitleCode)TC0000312728</subfield></datafield><datafield ind1=' ' ind2=' ' tag='035'><subfield code='a'>(PQKBWorkID)10332298</subfield></datafield><datafield ind1=' ' ind2=' ' tag='035'><subfield code='a'>(PQKB)11175383</subfield></datafield><datafield ind1=' ' ind2=' ' tag='035'><subfield code='a'>(MiAaPQ)EBC565985</subfield></datafield><datafield ind1=' ' ind2=' ' tag='035'><subfield code='a'>(EXLCZ)992560000000008062</subfield></datafield><datafield ind1=' ' ind2=' ' tag='040'><subfield code='a'>MiAaPQ</subfield><subfield code='c'>MiAaPQ</subfield><subfield code='d'>MiAaPQ</subfield></datafield><datafield ind1=' ' ind2=' ' tag='041'><subfield code='a'>eng</subfield></datafield><datafield ind1=' ' ind2='4' tag='050'><subfield code='a'>TK5102.9</subfield><subfield code='b'>.V493 2009</subfield></datafield><datafield ind1='0' ind2='0' tag='082'><subfield code='a'>621.3822</subfield></datafield><datafield ind1='1' ind2=' ' tag='100'><subfield code='a'>Madisetti, Vijay.</subfield></datafield><datafield ind1='0' ind2='0' tag='245'><subfield code='a'>Video, speech, and audio signal processing and associated standards</subfield><subfield code='h'>[electronic resource] /</subfield><subfield code='c'>editor-in-chief, Vijay K. Madisetti.</subfield></datafield><datafield ind1=' ' ind2=' ' tag='260'><subfield code='a'>Boca Raton, Fla. :</subfield><subfield code='b'>CRC Press,</subfield><subfield code='c'>c2010.</subfield></datafield><datafield ind1=' ' ind2=' ' tag='300'><subfield code='a'>1 online resource (618 p.)</subfield></datafield><datafield ind1=' ' ind2=' ' tag='336'><subfield code='a'>text</subfield><subfield code='b'>txt</subfield></datafield><datafield ind1=' ' ind2=' ' tag='337'><subfield code='a'>computer</subfield><subfield code='b'>c</subfield></datafield><datafield ind1=' ' ind2=' ' tag='338'><subfield code='a'>online resource</subfield><subfield code='b'>cr</subfield></datafield><datafield ind1='0' ind2=' ' tag='490'><subfield code='a'>Digital signal processing handbook</subfield></datafield><datafield ind1='1' ind2=' ' tag='490'><subfield code='a'>The electrical engineering handbook series</subfield></datafield><datafield ind1=' ' ind2=' ' tag='500'><subfield code='a'>Description based upon print version of record.</subfield></datafield><datafield ind1='0' ind2=' ' tag='505'><subfield code='a'>Front cover; Contents; Preface; Editor; Contributors; Part I: Digital Audio Communications; Chapter 1. Auditory Psychophysics for Coding Applications; Chapter 2. MPEG Digital Audio Coding Standards; Chapter 3. Dolby Digital Audio Coding Standards; Chapter 4. The Perceptual Audio Coder; Chapter 5. Sony Systems; Part II: Speech Processing; Chapter 6. Speech Production Models and Their Digital Implementations; Chapter 7. Speech Coding; Chapter 8. Text-to-Speech Synthesis; Chapter 9. Speech Recognition by Machine; Chapter 10. Speaker Verification</subfield></datafield><datafield ind1='8' ind2=' ' tag='505'><subfield code='a'>Chapter 11. DSP Implementations of Speech ProcessingChapter 12. Software Tools for Speech Research and Development; Part III: Image and Video Processing; Chapter 13. Fundamentals of Image Processing; Chapter 14. Still Image Compression*; Chapter 15. Image and Video Restoration; Chapter 16. Video Scanning Format Conversion and Motion Estimation; Chapter 17. Document Modeling and Source Representation in Content-Based Image Retrieval; Chapter 18. Technologies for Content-Based Video Search over the World Wide Web; Chapter 19. Image Interpolation*; Chapter 20. Video Sequence Compression</subfield></datafield><datafield ind1='8' ind2=' ' tag='505'><subfield code='a'>Chapter 21. Digital TelevisionChapter 22. Stereoscopic Image Processing*; Chapter 23. A Survey of Image Processing Software and Image Databases; Chapter 24. VLSI Architectures for Image Communications; Index; Back cover</subfield></datafield><datafield ind1=' ' ind2=' ' tag='520'><subfield code='a'>Now available in a three-volume set, this updated and expanded edition of the bestselling The Digital Signal Processing Handbook continues to provide the engineering community with authoritative coverage of the fundamental and specialized aspects of information-bearing signals in digital form. Encompassing essential background material, technical details, standards, and software, the second edition reflects cutting-edge information on signal processing algorithms and protocols related to speech, audio, multimedia, and video processing technology associated with standards ranging fr</subfield></datafield><datafield ind1=' ' ind2=' ' tag='546'><subfield code='a'>English</subfield></datafield><datafield ind1=' ' ind2=' ' tag='504'><subfield code='a'>Includes bibliographical references and index.</subfield></datafield><datafield ind1=' ' ind2='0' tag='650'><subfield code='a'>Digital video</subfield><subfield code='x'>Standards.</subfield></datafield><datafield ind1=' ' ind2='0' tag='650'><subfield code='a'>Image processing</subfield><subfield code='x'>Digital techniques</subfield><subfield code='x'>Standards.</subfield></datafield><datafield ind1=' ' ind2='0' tag='650'><subfield code='a'>Signal processing</subfield><subfield code='x'>Digital techniques</subfield><subfield code='x'>Standards.</subfield></datafield><datafield ind1=' ' ind2='0' tag='650'><subfield code='a'>Sound</subfield><subfield code='x'>Recording and reproducing</subfield><subfield code='x'>Digital techniques</subfield><subfield code='x'>Standards.</subfield></datafield><datafield ind1=' ' ind2='0' tag='650'><subfield code='a'>Speech processing systems</subfield><subfield code='x'>Standards.</subfield></datafield><datafield ind1=' ' ind2='4' tag='655'><subfield code='a'>Electronic books.</subfield></datafield><datafield ind1=' ' ind2=' ' tag='776'><subfield code='z'>1-4200-4608-X</subfield></datafield><datafield ind1='1' ind2=' ' tag='700'><subfield code='a'>Madisetti, V.</subfield><subfield code='q'>(Vijay)</subfield></datafield><datafield ind1=' ' ind2='4' tag='830'><subfield code='a'>The Digital Signal Processing Handbook, Second Edition</subfield></datafield><datafield ind1=' ' ind2=' ' tag='906'><subfield code='a'>BOOK</subfield></datafield><datafield ind1=' ' ind2=' ' tag='ADM'><subfield code='b'>2017-11-19 12:29:04</subfield><subfield code='e'>992560000000008062</subfield><subfield code='d'>NON_SFX</subfield><subfield code='f'>20160803134623.0</subfield><subfield code='a'>2012-02-26 02:04:21</subfield><subfield code='c'>false</subfield></datafield><datafield ind1=' ' ind2=' ' tag='PRT'><subfield code='a'>53353638970003811</subfield><subfield code='b'>https://sandbox01-na.alma.exlibrisgroup.com/view/uresolver/01TULI_INST/openurl?u.ignore_date_coverage=true&amp;rft.mms_id=991036749547003811</subfield><subfield code='e'>CRC_NETBASE</subfield><subfield code='9'>Available</subfield><subfield code='c'>ENGnetBASE</subfield><subfield code='h'>61111082146981000</subfield><subfield code='8'>53353638970003811</subfield></datafield><datafield ind1=' ' ind2=' ' tag='PRT'><subfield code='a'>53354524970003811</subfield><subfield code='b'>https://sandbox01-na.alma.exlibrisgroup.com/view/uresolver/01TULI_INST/openurl?u.ignore_date_coverage=true&amp;rft.mms_id=991036749547003811</subfield><subfield code='e'>CRC_NETBASE</subfield><subfield code='9'>Available</subfield><subfield code='c'>ElectricalEngineeringnetBASE</subfield><subfield code='h'>611000000000001877</subfield><subfield code='8'>53354524970003811</subfield></datafield></record>