
<record xmlns='http://www.loc.gov/MARC21/slim'><leader>ZZZZZcamZa22ZZZZZzZZ4500</leader><controlfield tag='001'>991036739389403811</controlfield><controlfield tag='008'>160425u2012uuuuuuuuu-|-o----u|----|eng-d</controlfield><datafield ind1=' ' ind2=' ' tag='020'><subfield code='a'>83-7283-502-0</subfield></datafield><datafield ind1=' ' ind2=' ' tag='035'><subfield code='a'>(CKB)3710000000395842</subfield></datafield><datafield ind1=' ' ind2=' ' tag='035'><subfield code='a'>(EXLCZ)993710000000395842</subfield></datafield><datafield ind1='0' ind2='0' tag='245'><subfield code='a'>New Trends in Audio &amp; Video and Signal Processing: Algorithms, Architectures, Arrangements, and Applications (NTAV/SPA), 2012 Joint Conference</subfield></datafield><datafield ind1=' ' ind2=' ' tag='246'><subfield code='a'>2012 Joint Conference New Trends In Audio &amp; Video And Signal Processing</subfield></datafield><datafield ind1=' ' ind2=' ' tag='246'><subfield code='a'>New Trends in Audio &amp; Video and Signal Processing</subfield></datafield><datafield ind1=' ' ind2=' ' tag='906'><subfield code='a'>PROCEEDING</subfield></datafield><datafield ind1=' ' ind2=' ' tag='ADM'><subfield code='b'>2017-06-20 21:12:17</subfield><subfield code='e'>993710000000395842</subfield><subfield code='d'>NON_SFX</subfield><subfield code='a'>2015-04-19 06:56:58</subfield><subfield code='c'>false</subfield></datafield><datafield ind1=' ' ind2=' ' tag='PRT'><subfield code='a'>53350453060003811</subfield><subfield code='b'>https://sandbox01-na.alma.exlibrisgroup.com/view/uresolver/01TULI_INST/openurl?u.ignore_date_coverage=true&amp;rft.mms_id=991036739389403811</subfield><subfield code='e'>IEEE Xplore</subfield><subfield code='9'>Available</subfield><subfield code='c'>IEEE/IET Electronic Library (IEL) Conference Proceedings</subfield><subfield code='h'>61111026746359000</subfield><subfield code='8'>53350453060003811</subfield></datafield></record>