
<record xmlns='http://www.loc.gov/MARC21/slim'><leader>03917nam a22005895i 4500</leader><controlfield tag='001'>991036798461503811</controlfield><controlfield tag='005'>20180328123232.0</controlfield><controlfield tag='006'>m     o  d |      </controlfield><controlfield tag='007'>cr nn 008mamaa</controlfield><controlfield tag='008'>100715s2008    gw |    o    |||| 0|eng d</controlfield><datafield ind1=' ' ind2=' ' tag='010'><subfield code='z'>  2007938407</subfield></datafield><datafield ind1=' ' ind2=' ' tag='020'><subfield code='a'>3-540-75398-2</subfield></datafield><datafield ind1='7' ind2=' ' tag='024'><subfield code='a'>10.1007/978-3-540-75398-8</subfield><subfield code='2'>doi</subfield></datafield><datafield ind1=' ' ind2=' ' tag='035'><subfield code='a'>(CKB)1000000000491886</subfield></datafield><datafield ind1=' ' ind2=' ' tag='035'><subfield code='a'>(SSID)ssj0000320160</subfield></datafield><datafield ind1=' ' ind2=' ' tag='035'><subfield code='a'>(PQKBManifestationID)11255888</subfield></datafield><datafield ind1=' ' ind2=' ' tag='035'><subfield code='a'>(PQKBTitleCode)TC0000320160</subfield></datafield><datafield ind1=' ' ind2=' ' tag='035'><subfield code='a'>(PQKBWorkID)10343639</subfield></datafield><datafield ind1=' ' ind2=' ' tag='035'><subfield code='a'>(PQKB)11319655</subfield></datafield><datafield ind1=' ' ind2=' ' tag='035'><subfield code='a'>(DE-He213)978-3-540-75398-8</subfield></datafield><datafield ind1=' ' ind2=' ' tag='035'><subfield code='a'>(MiAaPQ)EBC3062154</subfield></datafield><datafield ind1=' ' ind2=' ' tag='035'><subfield code='a'>(EXLCZ)991000000000491886</subfield></datafield><datafield ind1=' ' ind2=' ' tag='040'><subfield code='a'>MiAaPQ</subfield><subfield code='c'>MiAaPQ</subfield><subfield code='d'>MiAaPQ</subfield></datafield><datafield ind1=' ' ind2=' ' tag='041'><subfield code='a'>eng</subfield></datafield><datafield ind1=' ' ind2='4' tag='050'><subfield code='a'>Q334-342</subfield></datafield><datafield ind1=' ' ind2='4' tag='050'><subfield code='a'>TJ210.2-211.495</subfield></datafield><datafield ind1=' ' ind2='7' tag='072'><subfield code='a'>UYQ</subfield><subfield code='2'>bicssc</subfield></datafield><datafield ind1=' ' ind2='7' tag='072'><subfield code='a'>TJFM1</subfield><subfield code='2'>bicssc</subfield></datafield><datafield ind1=' ' ind2='7' tag='072'><subfield code='a'>COM004000</subfield><subfield code='2'>bisacsh</subfield></datafield><datafield ind1=' ' ind2=' ' tag='082'><subfield code='a'>006.32</subfield></datafield><datafield ind1='1' ind2=' ' tag='100'><subfield code='a'>Prasad, Bhanu</subfield></datafield><datafield ind1='1' ind2='0' tag='245'><subfield code='a'>Speech, Audio, Image and Biomedical Signal Processing using Neural Networks</subfield><subfield code='h'>[electronic resource] /</subfield><subfield code='c'>edited by Bhanu Prasad, S. R. Mahadeva Prasanna.</subfield></datafield><datafield ind1=' ' ind2='1' tag='264'><subfield code='a'>Berlin, Heidelberg :</subfield><subfield code='b'>Springer Berlin Heidelberg,</subfield><subfield code='c'>2008.</subfield></datafield><datafield ind1=' ' ind2=' ' tag='300'><subfield code='a'>1 online resource (X, 419 p.) </subfield></datafield><datafield ind1=' ' ind2=' ' tag='336'><subfield code='a'>text</subfield><subfield code='b'>txt</subfield></datafield><datafield ind1=' ' ind2=' ' tag='337'><subfield code='a'>computer</subfield><subfield code='b'>c</subfield></datafield><datafield ind1=' ' ind2=' ' tag='338'><subfield code='a'>online resource</subfield><subfield code='b'>cr</subfield></datafield><datafield ind1=' ' ind2=' ' tag='347'><subfield code='a'>text file</subfield><subfield code='b'>PDF</subfield><subfield code='2'>rda</subfield></datafield><datafield ind1='1' ind2=' ' tag='490'><subfield code='a'>Studies in Computational Intelligence,</subfield><subfield code='x'>1860-949X ;</subfield><subfield code='v'>83</subfield></datafield><datafield ind1=' ' ind2=' ' tag='500'><subfield code='a'>Bibliographic Level Mode of Issuance: Monograph</subfield></datafield><datafield ind1=' ' ind2=' ' tag='546'><subfield code='a'>English</subfield></datafield><datafield ind1=' ' ind2=' ' tag='504'><subfield code='a'>Includes bibliographical references and index.</subfield></datafield><datafield ind1='0' ind2=' ' tag='505'><subfield code='a'>Information Theoretic Feature Selection and Projection -- Recognition of Tones in YorÙbÁ Speech: Experiments With Artificial Neural Networks -- Emotion Recognition from Speech Using Multi-Classifier Systems and RBF-Ensembles -- Modeling Supra-Segmental Features of Syllables Using Neural Networks -- Objective Speech Quality Evaluation Using an Adaptive Neuro-Fuzzy Network -- A Novel Approach to Language Identification Using Modified Polynomial Networks -- Speech/Non-Speech Classification in Hearing Aids Driven by Tailored Neural Networks -- Audio Signal Processing -- Democratic Liquid State Machines for Music Recognition -- Color Transfer and its Applications -- A Neural Approach to Unsupervised Change Detection of Remote-Sensing Images -- Fisher Linear Discriminant Analysis and Connectionist Model for Efficient Image Recognition -- Detection and Recognition of Human Faces and Facial Features -- Classification of Satellite Images with Regularized AdaBoosting of RBF Neural Networks -- Convolutional Neural Networks for Image Processing with Applications in Mobile Robotics -- SVM Based Adaptive Biometric Image Enhancement Using Quality Assessment -- Segmentation and Classification of Leukocytes Using Neural Networks: A Generalization Direction -- A Closed Loop Neural Scheme to Control Knee Flex-Extension Induced by Functional Electrical Stimulation: Simulation Study and Experimental Test on a Paraplegic Subject.</subfield></datafield><datafield ind1=' ' ind2=' ' tag='520'><subfield code='a'>Humans are remarkable in processing speech, audio, image and some biomedical signals. Artificial neural networks are proved to be successful in performing several cognitive, industrial and scientific tasks. This peer reviewed book presents some recent advances and surveys on the applications of artificial neural networks in the areas of speech, audio, image and biomedical signal processing. It consists of 18 chapters prepared by some reputed researchers and practitioners around the globe.</subfield></datafield><datafield ind1=' ' ind2='0' tag='650'><subfield code='a'>Neural networks (Computer science)</subfield></datafield><datafield ind1=' ' ind2='0' tag='650'><subfield code='a'>Signal processing.</subfield></datafield><datafield ind1=' ' ind2='4' tag='655'><subfield code='a'>Electronic books.</subfield></datafield><datafield ind1='0' ind2=' ' tag='760'><subfield code='t'>Studies in Computational Intelligence</subfield><subfield code='w'>(CKB)1000000000238186</subfield><subfield code='w'>(DLC)</subfield><subfield code='w'>(OCoLC)</subfield><subfield code='x'>1860-9503</subfield></datafield><datafield ind1=' ' ind2=' ' tag='776'><subfield code='z'>3-540-75397-4</subfield></datafield><datafield ind1='1' ind2=' ' tag='700'><subfield code='a'>Prasad, Bhanu.</subfield><subfield code='e'>editor.</subfield></datafield><datafield ind1='1' ind2=' ' tag='700'><subfield code='a'>Prasanna, S. R. Mahadeva.</subfield><subfield code='e'>editor.</subfield></datafield><datafield ind1=' ' ind2='0' tag='830'><subfield code='a'>Studies in Computational Intelligence,</subfield><subfield code='x'>1860-949X ;</subfield><subfield code='v'>83</subfield></datafield><datafield ind1=' ' ind2=' ' tag='906'><subfield code='a'>BOOK</subfield></datafield><datafield ind1=' ' ind2=' ' tag='ADM'><subfield code='b'>2018-03-30 07:53:46</subfield><subfield code='e'>991000000000491886</subfield><subfield code='d'>NON_SFX</subfield><subfield code='f'>20151204153448.0</subfield><subfield code='a'>2012-02-25 23:06:20</subfield><subfield code='c'>false</subfield></datafield><datafield ind1=' ' ind2=' ' tag='PRT'><subfield code='a'>53366187590003811</subfield><subfield code='b'>https://sandbox01-na.alma.exlibrisgroup.com/view/uresolver/01TULI_INST/openurl?u.ignore_date_coverage=true&amp;rft.mms_id=991036798461503811</subfield><subfield code='e'>Springer Link</subfield><subfield code='9'>Available</subfield><subfield code='c'>SpringerLink Books Complete</subfield><subfield code='h'>611000000000001381</subfield><subfield code='8'>53366187590003811</subfield></datafield></record>