
<record xmlns='http://www.loc.gov/MARC21/slim'><leader>02266cam a2200493Ia 4500</leader><controlfield tag='005'>20150320070603.6</controlfield><controlfield tag='006'>m     o  d        </controlfield><controlfield tag='007'>cr cn|||||||||</controlfield><controlfield tag='008'>080715s2008    gw a    ob    001 0 eng d</controlfield><controlfield tag='001'>991020415429703811</controlfield><datafield ind1=' ' ind2=' ' tag='020'><subfield code='a'>9783540753988</subfield></datafield><datafield ind1=' ' ind2=' ' tag='020'><subfield code='a'>3540753982</subfield></datafield><datafield ind1=' ' ind2=' ' tag='020'><subfield code='a'>9783540753971 (cased)</subfield></datafield><datafield ind1=' ' ind2=' ' tag='020'><subfield code='a'>3540753974 (cased)</subfield></datafield><datafield ind1=' ' ind2=' ' tag='035'><subfield code='a'>(PPT)b49668924-01tuli_inst</subfield></datafield><datafield ind1=' ' ind2=' ' tag='035'><subfield code='a'>(OCoLC)233973554</subfield><subfield code='z'>(OCoLC)261067208</subfield><subfield code='z'>(OCoLC)288188511</subfield><subfield code='z'>(OCoLC)607269997</subfield><subfield code='z'>(OCoLC)613476008</subfield><subfield code='z'>(OCoLC)648368109</subfield><subfield code='z'>(OCoLC)739159191</subfield><subfield code='z'>(OCoLC)756430103</subfield></datafield><datafield ind1=' ' ind2=' ' tag='037'><subfield code='a'>978-3-540-75397-1</subfield><subfield code='b'>Springer</subfield><subfield code='n'>http://www.springerlink.com</subfield></datafield><datafield ind1=' ' ind2=' ' tag='040'><subfield code='a'>GW5XE</subfield><subfield code='b'>eng</subfield><subfield code='c'>GW5XE</subfield><subfield code='d'>CEF</subfield><subfield code='d'>YNG</subfield><subfield code='d'>NUI</subfield><subfield code='d'>OCLCQ</subfield><subfield code='d'>MNU</subfield><subfield code='d'>E7B</subfield><subfield code='d'>UBC</subfield><subfield code='d'>OCLCO</subfield><subfield code='d'>OCLCQ</subfield><subfield code='d'>A7U</subfield><subfield code='d'>OCLCQ</subfield><subfield code='d'>OCLCF</subfield><subfield code='d'>BEDGE</subfield><subfield code='d'>OCLCQ</subfield></datafield><datafield ind1=' ' ind2=' ' tag='049'><subfield code='a'>TEUU</subfield></datafield><datafield ind1=' ' ind2=' ' tag='090'><subfield code='a'>QA76.87</subfield><subfield code='b'>.S644 2008eb</subfield></datafield><datafield ind1='0' ind2='0' tag='245'><subfield code='a'>Speech, audio, image and biomedical signal processing using neural networks</subfield><subfield code='h'>[electronic resource] /</subfield><subfield code='c'>Bhanu Prasad, S.R. Mahadeva Prasanna (eds.).</subfield></datafield><datafield ind1=' ' ind2=' ' tag='260'><subfield code='a'>Berlin :</subfield><subfield code='b'>Springer,</subfield><subfield code='c'>c2008.</subfield></datafield><datafield ind1=' ' ind2=' ' tag='300'><subfield code='a'>1 online resource (x, 419 p.) :</subfield><subfield code='b'>ill.</subfield></datafield><datafield ind1='1' ind2=' ' tag='490'><subfield code='a'>Studies in computational intelligence ;</subfield><subfield code='v'>v. 83</subfield></datafield><datafield ind1=' ' ind2=' ' tag='504'><subfield code='a'>Includes bibliographical references and index.</subfield></datafield><datafield ind1=' ' ind2=' ' tag='588'><subfield code='a'>Description based on print version record.</subfield></datafield><datafield ind1=' ' ind2=' ' tag='590'><subfield code='a'>Access is available to the Temple Community through use of a networked computer with a Temple IP address.</subfield></datafield><datafield ind1=' ' ind2='0' tag='650'><subfield code='a'>Neural networks (Computer science)</subfield></datafield><datafield ind1=' ' ind2='0' tag='650'><subfield code='a'>Signal processing.</subfield></datafield><datafield ind1=' ' ind2='7' tag='650'><subfield code='a'>Neural networks (Computer science)</subfield><subfield code='2'>fast</subfield><subfield code='0'>(OCoLC)fst01036260</subfield></datafield><datafield ind1=' ' ind2='7' tag='650'><subfield code='a'>Signal processing.</subfield><subfield code='2'>fast</subfield><subfield code='0'>(OCoLC)fst01118281</subfield></datafield><datafield ind1=' ' ind2='7' tag='650'><subfield code='a'>Ingénierie.</subfield><subfield code='2'>eclas</subfield></datafield><datafield ind1=' ' ind2='4' tag='655'><subfield code='a'>Electronic books.</subfield></datafield><datafield ind1='1' ind2=' ' tag='700'><subfield code='a'>Prasad, Bhanu.</subfield></datafield><datafield ind1='1' ind2=' ' tag='700'><subfield code='a'>Prasanna, S. R. Mahadeva.</subfield></datafield><datafield ind1='2' ind2=' ' tag='710'><subfield code='a'>SpringerLink (Online service)</subfield></datafield><datafield ind1='0' ind2='8' tag='776'><subfield code='i'>Print version:</subfield><subfield code='t'>Speech, audio, image and biomedical signal processing using neural networks.</subfield><subfield code='d'>Berlin : Springer, c2008</subfield><subfield code='z'>9783540753971</subfield><subfield code='z'>3540753974</subfield><subfield code='w'>(OCoLC)173721143</subfield></datafield><datafield ind1=' ' ind2='0' tag='830'><subfield code='a'>Studies in computational intelligence ;</subfield><subfield code='v'>v. 83.</subfield></datafield><datafield ind1='4' ind2='0' tag='856'><subfield code='z'>Access full text online.</subfield><subfield code='u'>http://libproxy.temple.edu/login?url=http://link.springer.com/10.1007/978-3-540-75398-8</subfield></datafield><datafield ind1=' ' ind2=' ' tag='907'><subfield code='a'>.b49668924</subfield><subfield code='b'>w    </subfield><subfield code='c'>-</subfield></datafield><datafield ind1=' ' ind2=' ' tag='902'><subfield code='a'>170601</subfield></datafield><datafield ind1=' ' ind2=' ' tag='998'><subfield code='b'>0</subfield><subfield code='c'>110925</subfield><subfield code='d'>m</subfield><subfield code='e'>@</subfield><subfield code='f'>-</subfield><subfield code='g'>0</subfield></datafield><datafield ind1=' ' ind2=' ' tag='902'><subfield code='a'>SpringerLink 2015-09-30</subfield></datafield><datafield ind1=' ' ind2=' ' tag='945'><subfield code='l'>w    </subfield><subfield code='g'>1</subfield></datafield><datafield ind1=' ' ind2=' ' tag='ADM'><subfield code='e'>b49668924-01tuli_inst</subfield><subfield code='d'>ILS</subfield><subfield code='a'>2017-06-20 13:57:41</subfield><subfield code='c'>false</subfield></datafield><datafield ind1=' ' ind2=' ' tag='PRT'><subfield code='a'>53373951560003811</subfield><subfield code='b'>https://sandbox01-na.alma.exlibrisgroup.com/view/uresolver/01TULI_INST/openurl?u.ignore_date_coverage=true&amp;rft.mms_id=991020415429703811</subfield><subfield code='f'>Access full text online.</subfield><subfield code='9'>Available</subfield><subfield code='d'>MAIN</subfield><subfield code='c'>SpringerLink Ebooks</subfield><subfield code='8'>53373951560003811</subfield></datafield></record>