
<record xmlns='http://www.loc.gov/MARC21/slim'><leader>01461nam a2200409 a 4500</leader><controlfield tag='005'>20170825181940.0</controlfield><controlfield tag='008'>950922s1995    enka     b    001 0 eng d</controlfield><controlfield tag='001'>991034330499703811</controlfield><datafield ind1=' ' ind2=' ' tag='020'><subfield code='a'>0121757900 :</subfield><subfield code='c'>49.95</subfield></datafield><datafield ind1=' ' ind2=' ' tag='035'><subfield code='a'>(PPT)b17075695-01tuli_inst</subfield></datafield><datafield ind1=' ' ind2=' ' tag='035'><subfield code='a'>(CStRLIN)ocn477100898</subfield><subfield code='9'>ExL</subfield></datafield><datafield ind1=' ' ind2=' ' tag='035'><subfield code='a'>PATG95-B60640</subfield></datafield><datafield ind1=' ' ind2=' ' tag='035'><subfield code='a'>ocm32889140</subfield></datafield><datafield ind1=' ' ind2=' ' tag='035'><subfield code='a'>(OCLC)ocm32889140</subfield></datafield><datafield ind1=' ' ind2=' ' tag='040'><subfield code='a'>UPB</subfield><subfield code='c'>UPB</subfield><subfield code='d'>PPT</subfield></datafield><datafield ind1=' ' ind2=' ' tag='079'><subfield code='a'>ocm32889140</subfield></datafield><datafield ind1=' ' ind2=' ' tag='090'><subfield code='a'>TK5102.9.S545x 1995</subfield></datafield><datafield ind1='0' ind2='0' tag='245'><subfield code='a'>Signal processing methods for audio, images and telecommunications /</subfield><subfield code='c'>edited by Peter M. Clarkson, Henry Stark.</subfield></datafield><datafield ind1=' ' ind2=' ' tag='260'><subfield code='a'>London ;</subfield><subfield code='a'>San Diego :</subfield><subfield code='b'>Academic Press,</subfield><subfield code='c'>c1995.</subfield></datafield><datafield ind1=' ' ind2=' ' tag='300'><subfield code='a'>xvi, 436 p. :</subfield><subfield code='b'>ill. ;</subfield><subfield code='c'>24 cm.</subfield></datafield><datafield ind1=' ' ind2='0' tag='440'><subfield code='a'>Signal processing and its applications</subfield></datafield><datafield ind1=' ' ind2=' ' tag='504'><subfield code='a'>Includes bibliographical references and index.</subfield></datafield><datafield ind1=' ' ind2='0' tag='650'><subfield code='a'>Signal processing</subfield><subfield code='x'>Digital techniques</subfield><subfield code='x'>Mathematics.</subfield></datafield><datafield ind1=' ' ind2='0' tag='650'><subfield code='a'>Computer sound processing</subfield><subfield code='x'>Mathematics.</subfield></datafield><datafield ind1=' ' ind2='0' tag='650'><subfield code='a'>Image processing</subfield><subfield code='x'>Digital techniques</subfield><subfield code='x'>Mathematics.</subfield></datafield><datafield ind1=' ' ind2='0' tag='650'><subfield code='a'>Signal theory (Telecommunication)</subfield></datafield><datafield ind1='1' ind2=' ' tag='700'><subfield code='a'>Clarkson, Peter M.,</subfield><subfield code='d'>1958-</subfield></datafield><datafield ind1='1' ind2=' ' tag='700'><subfield code='a'>Stark, Henry,</subfield><subfield code='d'>1938-</subfield></datafield><datafield ind1=' ' ind2=' ' tag='902'><subfield code='a'>091218</subfield></datafield><datafield ind1=' ' ind2=' ' tag='907'><subfield code='a'>.b17075695</subfield><subfield code='b'>p    </subfield><subfield code='c'>-</subfield></datafield><datafield ind1=' ' ind2=' ' tag='935'><subfield code='a'>00769623</subfield></datafield><datafield ind1=' ' ind2=' ' tag='945'><subfield code='l'>pstk </subfield><subfield code='g'>1</subfield></datafield><datafield ind1=' ' ind2=' ' tag='950'><subfield code='l'>TECH</subfield><subfield code='i'>09/22/95 N</subfield></datafield><datafield ind1=' ' ind2=' ' tag='955'><subfield code='l'>TECH</subfield><subfield code='c'>0</subfield><subfield code='r'>39074010147593</subfield><subfield code='i'>09/22/95 C</subfield></datafield><datafield ind1=' ' ind2=' ' tag='979'><subfield code='a'>ocm32889140</subfield></datafield><datafield ind1=' ' ind2=' ' tag='998'><subfield code='b'>1</subfield><subfield code='c'>990101</subfield><subfield code='d'>m</subfield><subfield code='e'>a</subfield><subfield code='f'>-</subfield><subfield code='g'>0</subfield></datafield><datafield ind1=' ' ind2=' ' tag='998'><subfield code='a'>09/22/95</subfield><subfield code='t'>c</subfield><subfield code='s'>9115</subfield><subfield code='l'>PATG</subfield><subfield code='n'>PPT</subfield><subfield code='w'>UTBGDEP9408B</subfield><subfield code='d'>09/22/95</subfield><subfield code='c'>RM</subfield><subfield code='b'>MD</subfield></datafield><datafield ind1=' ' ind2=' ' tag='ADM'><subfield code='b'>2017-08-25 22:19:40</subfield><subfield code='e'>b17075695-01tuli_inst</subfield><subfield code='d'>ILS</subfield><subfield code='a'>2017-06-20 08:08:48</subfield><subfield code='c'>false</subfield></datafield><datafield ind1='0' ind2=' ' tag='HLD'><subfield code='b'>MAIN</subfield><subfield code='c'>stacks</subfield><subfield code='h'>TK5102.9.S545x 1995</subfield><subfield code='8'>22278299240003811</subfield></datafield><datafield ind1=' ' ind2=' ' tag='ITM'><subfield code='r'>22278299240003811</subfield><subfield code='b'>1</subfield><subfield code='h'>0</subfield><subfield code='g'>stacks</subfield><subfield code='t'>BOOK</subfield><subfield code='9'>39074010147593</subfield><subfield code='e'>stacks</subfield><subfield code='8'>23278299230003811</subfield><subfield code='a'>0</subfield><subfield code='q'>2017-06-20 08:08:48</subfield><subfield code='i'>TK5102.9.S545x 1995</subfield><subfield code='d'>MAIN</subfield><subfield code='f'>MAIN</subfield></datafield></record>