
<record xmlns='http://www.loc.gov/MARC21/slim'><leader>01180nam  2200313Ia 4500</leader><controlfield tag='001'>991036792255403811</controlfield><controlfield tag='005'>20170815105509.0</controlfield><controlfield tag='006'>m     o  d |      </controlfield><controlfield tag='007'>cr -n---------</controlfield><controlfield tag='008'>040630s2004    enka    ob    001 0 eng d</controlfield><datafield ind1=' ' ind2=' ' tag='010'><subfield code='z'>  2004484992</subfield></datafield><datafield ind1=' ' ind2=' ' tag='020'><subfield code='a'>1-280-54162-8</subfield></datafield><datafield ind1=' ' ind2=' ' tag='020'><subfield code='a'>9786610541621</subfield></datafield><datafield ind1=' ' ind2=' ' tag='020'><subfield code='a'>0-470-85871-0</subfield></datafield><datafield ind1=' ' ind2=' ' tag='020'><subfield code='a'>0-470-85865-6</subfield></datafield><datafield ind1=' ' ind2=' ' tag='035'><subfield code='a'>(CKB)1000000000356076</subfield></datafield><datafield ind1=' ' ind2=' ' tag='035'><subfield code='a'>(EBL)228335</subfield></datafield><datafield ind1=' ' ind2=' ' tag='035'><subfield code='a'>(OCoLC)59723855</subfield></datafield><datafield ind1=' ' ind2=' ' tag='035'><subfield code='a'>(SSID)ssj0000107513</subfield></datafield><datafield ind1=' ' ind2=' ' tag='035'><subfield code='a'>(PQKBManifestationID)11142936</subfield></datafield><datafield ind1=' ' ind2=' ' tag='035'><subfield code='a'>(PQKBTitleCode)TC0000107513</subfield></datafield><datafield ind1=' ' ind2=' ' tag='035'><subfield code='a'>(PQKBWorkID)10012436</subfield></datafield><datafield ind1=' ' ind2=' ' tag='035'><subfield code='a'>(PQKB)10558163</subfield></datafield><datafield ind1=' ' ind2=' ' tag='035'><subfield code='a'>(MiAaPQ)EBC228335</subfield></datafield><datafield ind1=' ' ind2=' ' tag='035'><subfield code='a'>(EXLCZ)991000000000356076</subfield></datafield><datafield ind1=' ' ind2=' ' tag='040'><subfield code='a'>MiAaPQ</subfield><subfield code='c'>MiAaPQ</subfield><subfield code='d'>MiAaPQ</subfield></datafield><datafield ind1=' ' ind2=' ' tag='041'><subfield code='a'>eng</subfield></datafield><datafield ind1=' ' ind2='4' tag='050'><subfield code='a'>TK5102.5</subfield><subfield code='b'>.L37 2004</subfield></datafield><datafield ind1='0' ind2='0' tag='082'><subfield code='a'>621.3822</subfield></datafield><datafield ind1='1' ind2=' ' tag='100'><subfield code='a'>Larsen, Erik R.,</subfield><subfield code='d'>1975-</subfield></datafield><datafield ind1='1' ind2='0' tag='245'><subfield code='a'>Audio bandwidth extension</subfield><subfield code='h'>[electronic resource] :</subfield><subfield code='b'>application of psychoacoustics, signal processing and loudspeaker design /</subfield><subfield code='c'>Erik Larsen, Ronald M. Aarts.</subfield></datafield><datafield ind1=' ' ind2=' ' tag='260'><subfield code='a'>Chichester :</subfield><subfield code='b'>John Wiley &amp; Sons,</subfield><subfield code='c'>c2004.</subfield></datafield><datafield ind1=' ' ind2=' ' tag='300'><subfield code='a'>1 online resource (313 p.)</subfield></datafield><datafield ind1=' ' ind2=' ' tag='336'><subfield code='a'>text</subfield><subfield code='b'>txt</subfield></datafield><datafield ind1=' ' ind2=' ' tag='337'><subfield code='a'>computer</subfield><subfield code='b'>c</subfield></datafield><datafield ind1=' ' ind2=' ' tag='338'><subfield code='a'>online resource</subfield><subfield code='b'>cr</subfield></datafield><datafield ind1=' ' ind2=' ' tag='500'><subfield code='a'>Description based upon print version of record.</subfield></datafield><datafield ind1='0' ind2=' ' tag='505'><subfield code='a'>Audio Bandwidth Extension; Contents; Preface; I Introduction; I.1 Bandwidth Defined; I.2 Historic Overview; I.2.1 Electroacoustic Transducers; I.2.2 Sound Quality; I.3 Bandwidth Extension Framework; I.3.1 Introduction; I.3.2 The Framework; 1 From Physics to Psychophysics; 1.1 Signal Theory; 1.1.1 Linear and Non-linear Systems; 1.1.2 Continuous-time LTI (LTC) Systems; 1.1.3 Discrete-time LTI (LTD) Systems; 1.1.4 Other Properties of LTI Systems; 1.1.5 Digital Filters; 1.2 Statistics of Audio Signals; 1.2.1 Speech; 1.2.2 Music; 1.3 Loudspeakers; 1.3.1 Introduction to Acoustics</subfield></datafield><datafield ind1='8' ind2=' ' tag='505'><subfield code='a'>1.3.2 Loudspeakers1.3.3 Bessel and Struve Functions; 1.4 Auditory Perception; 1.4.1 Physical Characteristics of the Peripheral Hearing System; 1.4.2 Non-linearity of the Basilar Membrane Response; 1.4.3 Frequency Selectivity and Auditory Filters; 1.4.4 Loudness and Masking; 1.4.5 Pitch; 1.4.6 Timbre; 1.4.7 Auditory Scene Analysis; 1.4.8 Perceptual Modelling - Auditory Image Model; 2 Psychoacoustic Bandwidth Extension for Low Frequencies; 2.1 Introduction; 2.2 Psychoacoustic Effects for Low-frequency Enhancement of Small Loudspeaker Reproduction; 2.2.1 Pitch (Harmonic Structure)</subfield></datafield><datafield ind1='8' ind2=' ' tag='505'><subfield code='a'>2.2.2 Timbre (Spectral Envelope)2.2.3 Loudness (Amplitude) and Tone Duration; 2.3 Low-Frequency Psychoacoustic Bandwidth Extension Algorithms; 2.3.1 Overview; 2.3.2 Non-Linear Device; 2.3.3 Filtering; 2.3.4 Gain of Harmonics Signal; 2.4 Low-Frequency Psychoacoustic Bandwidth Extension with Frequency Tracking; 2.4.1 Non-Linear Device; 2.4.2 Frequency Tracking; 2.5 Subjective Performance of Low-Frequency Psychoacoustic Bandwidth Extension Algorithms; 2.5.1 &apos;Virtual Bass&apos;; 2.5.2 &apos;Ultra Bass&apos;; 2.6 Spectral Characteristics of Non-Linear Devices; 2.6.1 Output Spectrum of a Rectifier</subfield></datafield><datafield ind1='8' ind2=' ' tag='505'><subfield code='a'>2.6.2 Output Spectrum of Integrator2.6.3 Output Spectra in Discrete Time; 2.6.4 Output Spectrum of Clipper; 3 Low-frequency Physical Bandwidth Extension; 3.1 Introduction; 3.2 Perceptual Considerations; 3.2.1 Pitch (Spectral Fine Structure); 3.2.2 Timbre (Spectral Envelope); 3.2.3 Loudness (Amplitude); 3.3 Low-frequency Physical Bandwidth Extension Algorithms; 3.3.1 Systems with Low-frequency Extension; 3.3.2 Non-linear Device; 3.3.3 Filtering; 3.3.4 Gain of Harmonics Signal; 3.4 Low-frequency Physical Bandwidth Extension Combined with Low-frequency Psychoacoustic Bandwidth Extension</subfield></datafield><datafield ind1='8' ind2=' ' tag='505'><subfield code='a'>4 Special Loudspeaker Drivers for Low-frequency Bandwidth Extension4.1 The Force Factor; 4.2 High Force Factor Drivers; 4.3 Low Force Factor Drivers; 4.3.1 Optimal Force Factor; 4.4 Transient Response; 4.4.1 Gated Sinusoid Response; 4.4.2 Impulse Response; 4.5 Details of Lumped-element Parameters and Efficiency; 4.6 Discussion; 5 High-frequency Bandwidth Extension for Audio; 5.1 Introduction; 5.2 The Limits of Deconvolution; 5.3 Perceptual Considerations; 5.3.1 Pitch (Harmonic Structure); 5.3.2 Timbre (Spectral Envelope); 5.3.3 Loudness (Amplitude); 5.3.4 Effects of Hearing Loss</subfield></datafield><datafield ind1='8' ind2=' ' tag='505'><subfield code='a'>5.3.5 Conclusions</subfield></datafield><datafield ind1=' ' ind2=' ' tag='520'><subfield code='a'>Bandwidth extension (BWE) refers to various methods that increase either the perceived or real frequency spectrum (bandwidth) of audio signals. Such frequency extension is desirable if at some point the frequency content of the audio signal has been reduced, as can happen for example during recording, transmission or reproduction. This volume, significant in dealing exclusively with BWE, discusses applications to music and speech and places particular emphasis on signal processing techniques.Presents an all-encompassing approach to BWE by covering theory, applications and algorithms&lt;</subfield></datafield><datafield ind1=' ' ind2=' ' tag='546'><subfield code='a'>English</subfield></datafield><datafield ind1=' ' ind2=' ' tag='504'><subfield code='a'>Includes bibliographical references (p. [269]-284) and index.</subfield></datafield><datafield ind1=' ' ind2='0' tag='650'><subfield code='a'>Psychoacoustics.</subfield></datafield><datafield ind1=' ' ind2='0' tag='650'><subfield code='a'>Signal processing.</subfield></datafield><datafield ind1=' ' ind2='0' tag='650'><subfield code='a'>Acoustical engineering.</subfield></datafield><datafield ind1=' ' ind2='0' tag='650'><subfield code='a'>Radio frequency.</subfield></datafield><datafield ind1=' ' ind2='0' tag='650'><subfield code='a'>Loudspeakers</subfield><subfield code='x'>Design and construction.</subfield></datafield><datafield ind1=' ' ind2='4' tag='655'><subfield code='a'>Electronic books.</subfield></datafield><datafield ind1=' ' ind2=' ' tag='776'><subfield code='z'>0-470-85864-8</subfield></datafield><datafield ind1='1' ind2=' ' tag='700'><subfield code='a'>Aarts, Ronald M.</subfield></datafield><datafield ind1=' ' ind2=' ' tag='906'><subfield code='a'>BOOK</subfield></datafield><datafield ind1=' ' ind2=' ' tag='PRT'><subfield code='a'>53363194170003811</subfield><subfield code='b'>https://sandbox01-na.alma.exlibrisgroup.com/view/uresolver/01TULI_INST/openurl?u.ignore_date_coverage=true&amp;rft.mms_id=991036792255403811</subfield><subfield code='e'>Wiley Online Library</subfield><subfield code='c'>Wiley Online Library UBCM all Online Books</subfield><subfield code='h'>613800000000000218</subfield><subfield code='8'>53363194170003811</subfield></datafield></record>