
<record xmlns='http://www.loc.gov/MARC21/slim'><leader>01175nam  2200301 a 4500</leader><controlfield tag='001'>991036793183403811</controlfield><controlfield tag='005'>20170815153456.0</controlfield><controlfield tag='006'>m     o  d |      </controlfield><controlfield tag='007'>cr -n---------</controlfield><controlfield tag='008'>071015s2007    enka    ob    001 0 eng  </controlfield><datafield ind1=' ' ind2=' ' tag='010'><subfield code='z'>  2007042793</subfield></datafield><datafield ind1=' ' ind2=' ' tag='020'><subfield code='a'>1-282-13811-1</subfield></datafield><datafield ind1=' ' ind2=' ' tag='020'><subfield code='a'>9786612138119</subfield></datafield><datafield ind1=' ' ind2=' ' tag='020'><subfield code='a'>0-470-72349-1</subfield></datafield><datafield ind1=' ' ind2=' ' tag='020'><subfield code='a'>0-470-72348-3</subfield></datafield><datafield ind1=' ' ind2=' ' tag='035'><subfield code='a'>(CKB)1000000000376949</subfield></datafield><datafield ind1=' ' ind2=' ' tag='035'><subfield code='a'>(EBL)470216</subfield></datafield><datafield ind1=' ' ind2=' ' tag='035'><subfield code='a'>(OCoLC)648761646</subfield></datafield><datafield ind1=' ' ind2=' ' tag='035'><subfield code='a'>(SSID)ssj0000354772</subfield></datafield><datafield ind1=' ' ind2=' ' tag='035'><subfield code='a'>(PQKBManifestationID)11295355</subfield></datafield><datafield ind1=' ' ind2=' ' tag='035'><subfield code='a'>(PQKBTitleCode)TC0000354772</subfield></datafield><datafield ind1=' ' ind2=' ' tag='035'><subfield code='a'>(PQKBWorkID)10313402</subfield></datafield><datafield ind1=' ' ind2=' ' tag='035'><subfield code='a'>(PQKB)10900501</subfield></datafield><datafield ind1=' ' ind2=' ' tag='035'><subfield code='a'>(MiAaPQ)EBC470216</subfield></datafield><datafield ind1=' ' ind2=' ' tag='035'><subfield code='a'>(EXLCZ)991000000000376949</subfield></datafield><datafield ind1=' ' ind2=' ' tag='040'><subfield code='a'>MiAaPQ</subfield><subfield code='c'>MiAaPQ</subfield><subfield code='d'>MiAaPQ</subfield></datafield><datafield ind1=' ' ind2=' ' tag='041'><subfield code='a'>eng</subfield></datafield><datafield ind1=' ' ind2='4' tag='050'><subfield code='a'>TK7881.4</subfield><subfield code='b'>.B74 2007</subfield></datafield><datafield ind1='0' ind2='0' tag='082'><subfield code='a'>621.389/3</subfield><subfield code='a'>621.3893</subfield></datafield><datafield ind1='1' ind2=' ' tag='100'><subfield code='a'>Breebaart, Jeroen.</subfield></datafield><datafield ind1='1' ind2='0' tag='245'><subfield code='a'>Spatial audio processing</subfield><subfield code='h'>[electronic resource] :</subfield><subfield code='b'>MPEG surround and other applications /</subfield><subfield code='c'>Jeroen Breebaart, Christof Faller.</subfield></datafield><datafield ind1=' ' ind2=' ' tag='260'><subfield code='a'>Chichester, West Sussex, England ;</subfield><subfield code='a'>Hoboken, NJ :</subfield><subfield code='b'>John Wiley &amp; Sons,</subfield><subfield code='c'>c2007.</subfield></datafield><datafield ind1=' ' ind2=' ' tag='300'><subfield code='a'>1 online resource (225 p.)</subfield></datafield><datafield ind1=' ' ind2=' ' tag='336'><subfield code='a'>text</subfield><subfield code='b'>txt</subfield></datafield><datafield ind1=' ' ind2=' ' tag='337'><subfield code='a'>computer</subfield><subfield code='b'>c</subfield></datafield><datafield ind1=' ' ind2=' ' tag='338'><subfield code='a'>online resource</subfield><subfield code='b'>cr</subfield></datafield><datafield ind1=' ' ind2=' ' tag='500'><subfield code='a'>Description based upon print version of record.</subfield></datafield><datafield ind1='0' ind2=' ' tag='505'><subfield code='a'>Spatial Audio Processing; Contents; Author Biographies; Foreword; Preface; 1 Introduction; 1.1 The human auditory system; 1.2 Spatial audio reproduction; 1.3 Spatial audio coding; 1.4 Book outline; 2 Background; 2.1 Introduction; 2.2 Spatial audio playback systems; 2.2.1 Stereo audio loudspeaker playback; 2.2.2 Headphone audio playback; 2.2.3 Multi-channel audio playback; 2.3 Audio coding; 2.3.1 Audio signal representation; 2.3.2 Lossless audio coding; 2.3.3 Perceptual audio coding; 2.3.4 Parametric audio coding; 2.3.5 Combining perceptual and parametric audio coding; 2.4 Matrix surround</subfield></datafield><datafield ind1='8' ind2=' ' tag='505'><subfield code='a'>2.5 Conclusions3 Spatial Hearing; 3.1 Introduction; 3.2 Physiology of the human hearing system; 3.3 Spatial hearing basics; 3.3.1 Spatial hearing with one sound source; 3.3.2 Ear entrance signal properties and lateralization; 3.3.3 Sound source localization; 3.3.4 Two sound sources: summing localization; 3.3.5 Superposition of signals each evoking one auditory object; 3.4 Spatial hearing in rooms; 3.4.1 Source localization in the presence of reflections: the precedence effect; 3.4.2 Spatial impression; 3.5 Limitations of the human auditory system</subfield></datafield><datafield ind1='8' ind2=' ' tag='505'><subfield code='a'>3.5.1 Just-noticeable differences in interaural cues3.5.2 Spectro-temporal decomposition; 3.5.3 Localization accuracy of single sources; 3.5.4 Localization accuracy of concurrent sources; 3.5.5 Localization accuracy when reflections are present; 3.6 Source localization in complex listening situations; 3.6.1 Cue selection model; 3.6.2 Simulation examples; 3.7 Conclusions; 4 Spatial Audio Coding; 4.1 Introduction; 4.2 Related techniques; 4.2.1 Pseudostereophonic processes; 4.2.2 Intensity stereo coding; 4.3 Binaural Cue Coding (BCC); 4.3.1 Time-frequency processing</subfield></datafield><datafield ind1='8' ind2=' ' tag='505'><subfield code='a'>4.3.2 Down-mixing to one channel4.3.3 &apos;Perceptually relevant differences&apos; between audio channels; 4.3.4 Estimation of spatial cues; 4.3.5 Synthesis of spatial cues; 4.4 Coding of low-frequency effects (LFE) audio channels; 4.5 Subjective performance; 4.6 Generalization to spatial audio coding; 5 Parametric Stereo; 5.1 Introduction; 5.1.1 Development and standardization; 5.1.2 AacPlus v2; 5.2 Interaction between core coder and spatial audio coding; 5.3 Relation to BCC; 5.4 Parametric stereo encoder; 5.4.1 Time/frequency decomposition; 5.4.2 Parameter extraction; 5.4.3 Down-mix</subfield></datafield><datafield ind1='8' ind2=' ' tag='505'><subfield code='a'>5.4.4 Parameter quantization and coding5.5 Parametric stereo decoder; 5.5.1 Analysis filterbank; 5.5.2 Decorrelation; 5.5.3 Matrixing; 5.5.4 Interpolation; 5.5.5 Synthesis filterbanks; 5.5.6 Parametric stereo in enhanced aacPlus; 5.6 Conclusions; 6 MPEG Surround; 6.1 Introduction; 6.2 Spatial audio coding; 6.2.1 Concept; 6.2.2 Elementary building blocks; 6.3 MPEG Surround encoder; 6.3.1 Structure; 6.3.2 Pre- and post-gains; 6.3.3 Time-frequency decomposition; 6.3.4 Spatial encoder; 6.3.5 Parameter quantization and coding; 6.3.6 Coding of residual signals; 6.4 MPEG Surround decoder</subfield></datafield><datafield ind1='8' ind2=' ' tag='505'><subfield code='a'>6.4.1 Structure</subfield></datafield><datafield ind1=' ' ind2=' ' tag='520'><subfield code='a'>This book collects a wealth of information about spatial audio coding into one comprehensible volume. It is a thorough reference to the 3GPP and MPEG Parametric Stereo standards and the MPEG Surround multi-channel audio coding standard. It describes key developments in coding techniques, which is an important factor in the optimization of advanced entertainment, communications and signal processing applications.  Until recently, technologies for coding audio signals, such as redundancy reduction and sophisticated source and receiver models did not incorporate spatial characteristics of sou</subfield></datafield><datafield ind1=' ' ind2=' ' tag='546'><subfield code='a'>English</subfield></datafield><datafield ind1=' ' ind2=' ' tag='504'><subfield code='a'>Includes bibliographical references (p. [193]-206) and index.</subfield></datafield><datafield ind1=' ' ind2='0' tag='650'><subfield code='a'>Computer sound processing.</subfield></datafield><datafield ind1=' ' ind2='0' tag='650'><subfield code='a'>Sound</subfield><subfield code='x'>Recording and reproducing</subfield><subfield code='x'>Digital techniques.</subfield></datafield><datafield ind1=' ' ind2='0' tag='650'><subfield code='a'>Multimedia systems</subfield><subfield code='x'>Programming.</subfield></datafield><datafield ind1=' ' ind2='4' tag='655'><subfield code='a'>Electronic books.</subfield></datafield><datafield ind1=' ' ind2=' ' tag='776'><subfield code='z'>0-470-03350-9</subfield></datafield><datafield ind1='1' ind2=' ' tag='700'><subfield code='a'>Faller, Christof.</subfield></datafield><datafield ind1=' ' ind2=' ' tag='906'><subfield code='a'>BOOK</subfield></datafield><datafield ind1=' ' ind2=' ' tag='ADM'><subfield code='b'>2017-11-24 18:09:01</subfield><subfield code='e'>991000000000376949</subfield><subfield code='d'>NON_SFX</subfield><subfield code='f'>20160804032651.0</subfield><subfield code='a'>2012-02-26 01:42:56</subfield><subfield code='c'>false</subfield></datafield><datafield ind1=' ' ind2=' ' tag='PRT'><subfield code='a'>53363484170003811</subfield><subfield code='b'>https://sandbox01-na.alma.exlibrisgroup.com/view/uresolver/01TULI_INST/openurl?u.ignore_date_coverage=true&amp;rft.mms_id=991036793183403811</subfield><subfield code='e'>Wiley Online Library</subfield><subfield code='9'>Available</subfield><subfield code='c'>Wiley Online Library UBCM all Online Books</subfield><subfield code='h'>613800000000000218</subfield><subfield code='8'>53363484170003811</subfield></datafield></record>