
<record xmlns='http://www.loc.gov/MARC21/slim'><leader>02920nasZZ2200565ZaZ4500</leader><controlfield tag='001'>991036739604903811</controlfield><controlfield tag='005'>20180327172337.0</controlfield><controlfield tag='006'>m-----q--d--------</controlfield><controlfield tag='007'>co-|||||||||||</controlfield><controlfield tag='008'>090318cuuuu9999njugr--so-----|---a0eng--</controlfield><datafield ind1=' ' ind2=' ' tag='010'><subfield code='a'>  2009204022</subfield><subfield code='z'>  2007905904</subfield></datafield><datafield ind1=' ' ind2=' ' tag='022'><subfield code='a'>1947-1610</subfield></datafield><datafield ind1=' ' ind2=' ' tag='035'><subfield code='a'>(OCoLC)316205195</subfield></datafield><datafield ind1=' ' ind2=' ' tag='035'><subfield code='a'>(CKB)1000000000310426</subfield></datafield><datafield ind1=' ' ind2=' ' tag='035'><subfield code='a'>(CONSER)--2009204022</subfield></datafield><datafield ind1=' ' ind2=' ' tag='035'><subfield code='a'>(EXLCZ)991000000000310426</subfield></datafield><datafield ind1=' ' ind2=' ' tag='037'><subfield code='b'>IEEE Operations Center, 445 Hoes Lane, P.O. Box 1331, Piscataway, NJ 08855-1331</subfield></datafield><datafield ind1=' ' ind2=' ' tag='042'><subfield code='a'>pcc</subfield><subfield code='a'>nsdp</subfield></datafield><datafield ind1='0' ind2='0' tag='050'><subfield code='a'>TK7881.4</subfield></datafield><datafield ind1='1' ind2='0' tag='082'><subfield code='a'>621</subfield><subfield code='2'>14</subfield></datafield><datafield ind1='2' ind2=' ' tag='111'><subfield code='a'>IEEE Workshop on Applications of Signal Processing to Audio and Acoustics.</subfield></datafield><datafield ind1=' ' ind2=' ' tag='210'><subfield code='a'>IEEE WORKSHOP ON APPLICATIONS OF SIGNAL PROCESSING TO AUDIO &amp; ACOUSTICS</subfield></datafield><datafield ind1='0' ind2=' ' tag='210'><subfield code='a'>IEEE Workshop Appl. Signal Process. Audio Acoust.</subfield></datafield><datafield ind1='0' ind2=' ' tag='210'><subfield code='a'>IEEE Workshop Appl. Signal Process. Audio Acoust.</subfield><subfield code='b'>(CD-ROM)</subfield></datafield><datafield ind1=' ' ind2='0' tag='222'><subfield code='a'>IEEE Workshop on Applications of Signal Processing to Audio and Acoustics</subfield><subfield code='b'>(CD-ROM)</subfield></datafield><datafield ind1='1' ind2='0' tag='240'><subfield code='a'>IEEE Workshop on Applications of Signal Processing to Audio and Acoustics (CD-ROM)</subfield></datafield><datafield ind1='1' ind2='0' tag='245'><subfield code='a'>IEEE Workshop on Applications of Signal Processing to Audio and Acoustics :</subfield><subfield code='b'>[proceedings].</subfield></datafield><datafield ind1=' ' ind2=' ' tag='246'><subfield code='a'>Applications of Signal Processing to Audio and Acoustics, IEEE Workshop on</subfield></datafield><datafield ind1='1' ind2=' ' tag='246'><subfield code='i'>Issue for 2001 has title:</subfield><subfield code='a'>Proceedings of the ... IEEE Workshop on Applications of Signal Processing to Audio and Acoustics</subfield></datafield><datafield ind1='1' ind2=' ' tag='246'><subfield code='i'>Issue for 2003 has title:</subfield><subfield code='a'>IEEE Workshop on Applications of Signal Processing to Audio and Acoustic proceedings</subfield></datafield><datafield ind1='1' ind2=' ' tag='246'><subfield code='i'>Issue for 2005 has title:</subfield><subfield code='a'>Workshop on Applications of Signal Processing to Audio and Acoustic :</subfield><subfield code='b'>[proceedings]</subfield></datafield><datafield ind1=' ' ind2=' ' tag='260'><subfield code='a'>[Piscataway, N.J.?] :</subfield><subfield code='b'>IEEE, IEEE Signal Processing Society</subfield></datafield><datafield ind1=' ' ind2=' ' tag='300'><subfield code='a'>CD-ROMs</subfield></datafield><datafield ind1=' ' ind2=' ' tag='310'><subfield code='a'>Biennial</subfield></datafield><datafield ind1=' ' ind2=' ' tag='336'><subfield code='a'>text</subfield><subfield code='b'>txt</subfield><subfield code='2'>rdacontent</subfield></datafield><datafield ind1=' ' ind2=' ' tag='337'><subfield code='a'>computer</subfield><subfield code='b'>c</subfield><subfield code='2'>rdamedia</subfield></datafield><datafield ind1=' ' ind2=' ' tag='338'><subfield code='a'>computer disc</subfield><subfield code='b'>cd</subfield><subfield code='2'>rdacarrier</subfield></datafield><datafield ind1=' ' ind2=' ' tag='588'><subfield code='a'>Description based on: 2007; title from CD-ROM label.</subfield></datafield><datafield ind1=' ' ind2='0' tag='650'><subfield code='a'>Sound</subfield><subfield code='x'>Recording and reproducing</subfield><subfield code='x'>Mathematics</subfield><subfield code='v'>Congresses.</subfield></datafield><datafield ind1=' ' ind2='0' tag='650'><subfield code='a'>Signal processing</subfield><subfield code='x'>Digital techniques</subfield><subfield code='v'>Congresses.</subfield></datafield><datafield ind1=' ' ind2='0' tag='650'><subfield code='a'>Acoustical engineering</subfield><subfield code='v'>Congresses.</subfield></datafield><datafield ind1=' ' ind2='7' tag='650'><subfield code='a'>Acoustical engineering.</subfield><subfield code='2'>fast</subfield><subfield code='0'>(OCoLC)fst00795936</subfield></datafield><datafield ind1=' ' ind2='7' tag='650'><subfield code='a'>Signal processing</subfield><subfield code='x'>Digital techniques.</subfield><subfield code='2'>fast</subfield><subfield code='0'>(OCoLC)fst01118285</subfield></datafield><datafield ind1=' ' ind2='7' tag='650'><subfield code='a'>Sound</subfield><subfield code='x'>Recording and reproducing</subfield><subfield code='x'>Mathematics.</subfield><subfield code='2'>fast</subfield><subfield code='0'>(OCoLC)fst01126971</subfield></datafield><datafield ind1=' ' ind2='7' tag='655'><subfield code='a'>Conference papers and proceedings.</subfield><subfield code='2'>fast</subfield><subfield code='0'>(OCoLC)fst01423772</subfield></datafield><datafield ind1='2' ind2=' ' tag='710'><subfield code='a'>IEEE Signal Processing Society.</subfield></datafield><datafield ind1=' ' ind2=' ' tag='776'><subfield code='x'>1931-1168</subfield></datafield><datafield ind1='0' ind2=' ' tag='762'><subfield code='t'>2009 IEEE Workshop on Applications of Signal Processing to Audio and Acoustics</subfield><subfield code='w'>(CKB)1000000000710008</subfield><subfield code='w'>(DLC)</subfield><subfield code='w'>(OCoLC)</subfield><subfield code='z'>1-4244-3679-6</subfield></datafield><datafield ind1='0' ind2=' ' tag='762'><subfield code='w'>(CKB)3460000000126071</subfield></datafield><datafield ind1='0' ind2=' ' tag='762'><subfield code='t'>2011 IEEE Workshop on Applications of Signal Processing to Audio and Acoustics</subfield><subfield code='w'>(CKB)2670000000131548</subfield><subfield code='w'>(DLC)</subfield><subfield code='w'>(OCoLC)</subfield><subfield code='z'>1-4577-0693-8</subfield></datafield><datafield ind1=' ' ind2=' ' tag='906'><subfield code='a'>CONFERENCE</subfield></datafield><datafield ind1=' ' ind2=' ' tag='ADM'><subfield code='b'>2018-03-29 10:39:31</subfield><subfield code='e'>991000000000310426</subfield><subfield code='d'>NON_SFX</subfield><subfield code='f'>20161103011028.9</subfield><subfield code='a'>2012-02-26 00:24:57</subfield><subfield code='c'>false</subfield></datafield><datafield ind1=' ' ind2=' ' tag='PRT'><subfield code='a'>53350492550003811</subfield><subfield code='b'>https://sandbox01-na.alma.exlibrisgroup.com/view/uresolver/01TULI_INST/openurl?u.ignore_date_coverage=true&amp;rft.mms_id=991036739604903811</subfield><subfield code='e'>IEEE Xplore</subfield><subfield code='g'> Available from 1991.</subfield><subfield code='9'>Available</subfield><subfield code='c'>IEEE/IET Electronic Library (IEL) Conference Proceedings</subfield><subfield code='h'>61111026746359000</subfield><subfield code='8'>53350492550003811</subfield></datafield></record>