
<record xmlns='http://www.loc.gov/MARC21/slim'><leader>00955nam  2200277Ia 4500</leader><controlfield tag='001'>991036817555803811</controlfield><controlfield tag='005'>20170821164724.0</controlfield><controlfield tag='006'>m     o  d |      </controlfield><controlfield tag='007'>cr -n---------</controlfield><controlfield tag='008'>130614s2011    nyu     o     001 0 eng d</controlfield><datafield ind1=' ' ind2=' ' tag='010'><subfield code='z'>  2013019736</subfield></datafield><datafield ind1=' ' ind2=' ' tag='020'><subfield code='a'>1-62808-157-0</subfield></datafield><datafield ind1=' ' ind2=' ' tag='035'><subfield code='a'>(CKB)2670000000420490</subfield></datafield><datafield ind1=' ' ind2=' ' tag='035'><subfield code='a'>(EBL)2194145</subfield></datafield><datafield ind1=' ' ind2=' ' tag='035'><subfield code='a'>(OCoLC)861734337</subfield></datafield><datafield ind1=' ' ind2=' ' tag='035'><subfield code='a'>(SSID)ssj0000950755</subfield></datafield><datafield ind1=' ' ind2=' ' tag='035'><subfield code='a'>(PQKBManifestationID)12377976</subfield></datafield><datafield ind1=' ' ind2=' ' tag='035'><subfield code='a'>(PQKBTitleCode)TC0000950755</subfield></datafield><datafield ind1=' ' ind2=' ' tag='035'><subfield code='a'>(PQKBWorkID)10880018</subfield></datafield><datafield ind1=' ' ind2=' ' tag='035'><subfield code='a'>(PQKB)10922455</subfield></datafield><datafield ind1=' ' ind2=' ' tag='035'><subfield code='a'>(MiAaPQ)EBC2194145</subfield></datafield><datafield ind1=' ' ind2=' ' tag='035'><subfield code='a'>(EXLCZ)992670000000420490</subfield></datafield><datafield ind1=' ' ind2=' ' tag='040'><subfield code='a'>MiAaPQ</subfield><subfield code='c'>MiAaPQ</subfield><subfield code='d'>MiAaPQ</subfield></datafield><datafield ind1=' ' ind2=' ' tag='041'><subfield code='a'>eng</subfield></datafield><datafield ind1=' ' ind2='4' tag='050'><subfield code='a'>TK5102.9</subfield><subfield code='b'>.S545 2011</subfield></datafield><datafield ind1='0' ind2='0' tag='082'><subfield code='a'>621.38223</subfield></datafield><datafield ind1='1' ind2=' ' tag='100'><subfield code='a'>Naik, Ganesh R.</subfield></datafield><datafield ind1='0' ind2='0' tag='245'><subfield code='a'>Signal processing</subfield><subfield code='h'>[electronic resource] :</subfield><subfield code='b'>new research /</subfield><subfield code='c'>editor, Ganesh R. Naik.</subfield></datafield><datafield ind1=' ' ind2=' ' tag='260'><subfield code='a'>Hauppauge, NY :</subfield><subfield code='b'>Nova Science Publishers, Inc.,</subfield><subfield code='c'>2011.</subfield></datafield><datafield ind1=' ' ind2=' ' tag='300'><subfield code='a'>1 online resource (292 p.)</subfield></datafield><datafield ind1=' ' ind2=' ' tag='336'><subfield code='a'>text</subfield><subfield code='b'>txt</subfield></datafield><datafield ind1=' ' ind2=' ' tag='337'><subfield code='a'>computer</subfield><subfield code='b'>c</subfield></datafield><datafield ind1=' ' ind2=' ' tag='338'><subfield code='a'>online resource</subfield><subfield code='b'>cr</subfield></datafield><datafield ind1='1' ind2=' ' tag='490'><subfield code='a'>Engineering Tools, Techniques and Tables</subfield></datafield><datafield ind1=' ' ind2=' ' tag='500'><subfield code='a'>Description based upon print version of record.</subfield></datafield><datafield ind1='0' ind2=' ' tag='505'><subfield code='a'>&quot;&quot;SIGNAL PROCESSING. NEW RESEARCH&quot;&quot;; &quot;&quot;SIGNAL PROCESSING. NEW RESEARCH&quot;&quot;; &quot;&quot;LIBRARY OF CONGRESS CATALOGING-IN-PUBLICATION DATA&quot;&quot;; &quot;&quot;CONTENTS&quot;&quot;; &quot;&quot;PREFACE&quot;&quot;; &quot;&quot;BACKGROUND AND MOTIVATION&quot;&quot;; &quot;&quot;INTENDED READERSHIP&quot;&quot;; &quot;&quot;Chapter 1: FOURIER BESSEL AND WAVELET BASED FEATURE EXTRACTION TECHNIQUE (FBWBF) FOR SPEAKER IDENTIFICATION&quot;&quot;; &quot;&quot;Abstract&quot;&quot;; &quot;&quot;1. Introduction&quot;&quot;; &quot;&quot;2. Speaker Identification System&quot;&quot;; &quot;&quot;3. Feature Extraction&quot;&quot;; &quot;&quot;4. Fourier Bessel and Wavelet Based Features for Speaker Identification&quot;&quot;; &quot;&quot;5. Experimental Results&quot;&quot;; &quot;&quot;Conclusion&quot;&quot;; &quot;&quot;References&quot;&quot;</subfield></datafield><datafield ind1='8' ind2=' ' tag='505'><subfield code='a'>&quot;&quot;Chapter 2: DIGITAL MODULATION CLASSIFICATION USING ARTIFICIAL INTELLIGENCE TOOLS&quot;&quot;&quot;&quot;Abstract&quot;&quot;; &quot;&quot;Introduction&quot;&quot;; &quot;&quot;Signal Trajectory and Constellation&quot;&quot;; &quot;&quot;Modulation Classification Using Genetic Algorithm&quot;&quot;; &quot;&quot;Modulation Classification Using Fuzzy C-Means Algorithm&quot;&quot;; &quot;&quot;Results&quot;&quot;; &quot;&quot;Modulation Classification Using TTSAS Algorithm&quot;&quot;; &quot;&quot;Results&quot;&quot;; &quot;&quot;Conclusion&quot;&quot;; &quot;&quot;References&quot;&quot;; &quot;&quot;Chapter 3: ENERGY SPECTRUM ANALYSIS FOR BEARING FAULT DETECTION&quot;&quot;; &quot;&quot;Abstract&quot;&quot;; &quot;&quot;Introduction&quot;&quot;; &quot;&quot;Energy Spectrum Analysis&quot;&quot;; &quot;&quot;Bearing Fault Detection Based on Energy Spectrum Analysis&quot;&quot;</subfield></datafield><datafield ind1='8' ind2=' ' tag='505'><subfield code='a'>&quot;&quot;Performance Evaluation&quot;&quot;&quot;&quot;Performance Evaluation&quot;&quot;; &quot;&quot;Conclusion&quot;&quot;; &quot;&quot;Acknowledgment&quot;&quot;; &quot;&quot;Appendix A&quot;&quot;; &quot;&quot;References&quot;&quot;; &quot;&quot;Chapter 4: T-WAVE FREQUENCY CONTENT EVALUATION IN HEALTHY SUBJECTS AND PATIENTS AFFECTEDBY MYOCARDIAL INFARCTION&quot;&quot;; &quot;&quot;Abstract&quot;&quot;; &quot;&quot;Introduction&quot;&quot;; &quot;&quot;Methods&quot;&quot;; &quot;&quot;Clinical Data&quot;&quot;; &quot;&quot;Statistics&quot;&quot;; &quot;&quot;Results&quot;&quot;; &quot;&quot;Discussion&quot;&quot;; &quot;&quot;Conclusion&quot;&quot;; &quot;&quot;References&quot;&quot;; &quot;&quot;Chapter 5: FILTER IDENTIFICATION WITH FUZZY LOGIC TRANSITION&quot;&quot;; &quot;&quot;Abstract&quot;&quot;; &quot;&quot;Introduction&quot;&quot;; &quot;&quot;Fuzzy Filtering&quot;&quot;; &quot;&quot;Properties&quot;&quot;; &quot;&quot;Results&quot;&quot;; &quot;&quot;Conclusion&quot;&quot;; &quot;&quot;References&quot;&quot;</subfield></datafield><datafield ind1='8' ind2=' ' tag='505'><subfield code='a'>&quot;&quot;Chapter 6: A MULTIRESOLUTION CHANNEL DECOMPOSITION FOR H.264/AVC UNEQUAL ERROR PROTECTION&quot;&quot;&quot;&quot;Abstract&quot;&quot;; &quot;&quot;Introduction&quot;&quot;; &quot;&quot;Data Partitioning Structure in H264./AVC&quot;&quot;; &quot;&quot;The Multiresolution OFDM System&quot;&quot;; &quot;&quot;Experimental Results and Discussion&quot;&quot;; &quot;&quot;The Multiresolution Turbo Code System&quot;&quot;; &quot;&quot;Experimental Results and Discussion&quot;&quot;; &quot;&quot;Conclusion&quot;&quot;; &quot;&quot;References&quot;&quot;; &quot;&quot;Chapter 7: CLOSED LOOP IDENTIFICATION OF UNCERTAIN SYSTEMS&quot;&quot;; &quot;&quot;Abstract&quot;&quot;; &quot;&quot;Nomenclature&quot;&quot;; &quot;&quot;1. Introduction&quot;&quot;; &quot;&quot;2. The Proposed Scheme&quot;&quot;; &quot;&quot;3. System Model and Description&quot;&quot;; &quot;&quot;4. Evaluation on a Physical System&quot;&quot;</subfield></datafield><datafield ind1='8' ind2=' ' tag='505'><subfield code='a'>&quot;&quot;5. Conclusion&quot;&quot;&quot;&quot;Acknowledgments&quot;&quot;; &quot;&quot;References&quot;&quot;; &quot;&quot;Chapter 8: BLIND UNMIXING OF HYPERSPECTRAL DATA WITH SOME PURE PIXELS: SPATIAL VARIANCE-BASED METHODS EXPLOITING SPARSITY AND NON-NEGATIVITY PROPERTIES&quot;&quot;; &quot;&quot;Abstract&quot;&quot;; &quot;&quot;1. Introduction&quot;&quot;; &quot;&quot;2. Standard Data Model of BSS and Application to Remote Sensing&quot;&quot;; &quot;&quot;3. Proposed Unmixing Methodsand Performance Criteria&quot;&quot;; &quot;&quot;4. Experimental Results&quot;&quot;; &quot;&quot;Conclusion&quot;&quot;; &quot;&quot;Acknowledgments&quot;&quot;; &quot;&quot;References&quot;&quot;; &quot;&quot;Chapter 9: SUB-MATRIX DISCRETE COSINE TRANSFORM&quot;&quot;; &quot;&quot;Abstract&quot;&quot;; &quot;&quot;Introduction&quot;&quot;; &quot;&quot;3D SDCT&quot;&quot;; &quot;&quot;3D Integer SDCT&quot;&quot;; &quot;&quot;Parallel Operation&quot;&quot;</subfield></datafield><datafield ind1='8' ind2=' ' tag='505'><subfield code='a'>&quot;&quot;3D SDCT Application&quot;&quot;</subfield></datafield><datafield ind1=' ' ind2=' ' tag='520'><subfield code='a'>The field of signal processing has seen exponential growth during the past decade, as remarkable innovations both in research and application have been made. The applications of signal processing are numerous and include audio signal processing, biomedical engineering, multimedia, video signal processing, pattern analysis, pattern recognition, artificial intelligence, decision making, control systems, and many more. In the past few years, a new wave of advanced signal-processing techniques has delivered exciting results, increasing systems capabilities of efficiently exchanging data and extrac</subfield></datafield><datafield ind1=' ' ind2=' ' tag='546'><subfield code='a'>English</subfield></datafield><datafield ind1=' ' ind2='0' tag='650'><subfield code='a'>Signal processing.</subfield></datafield><datafield ind1=' ' ind2='0' tag='650'><subfield code='a'>Adaptive signal processing.</subfield></datafield><datafield ind1=' ' ind2='4' tag='655'><subfield code='a'>Electronic books.</subfield></datafield><datafield ind1=' ' ind2=' ' tag='776'><subfield code='z'>1-62808-141-4</subfield></datafield><datafield ind1='1' ind2=' ' tag='700'><subfield code='a'>Naik, Ganesh R.</subfield></datafield><datafield ind1=' ' ind2='0' tag='830'><subfield code='a'>Engineering Tools, Techniques and Tables</subfield></datafield><datafield ind1=' ' ind2=' ' tag='906'><subfield code='a'>BOOK</subfield></datafield><datafield ind1=' ' ind2=' ' tag='ADM'><subfield code='b'>2017-11-24 18:10:32</subfield><subfield code='e'>(CKB)2670000000420490</subfield><subfield code='d'>PQNKB</subfield><subfield code='f'>20160803134623.0</subfield><subfield code='a'>2013-10-12 17:37:35</subfield><subfield code='c'>false</subfield></datafield><datafield ind1=' ' ind2=' ' tag='PRT'><subfield code='a'>53395008310003811</subfield><subfield code='b'>https://sandbox01-na.alma.exlibrisgroup.com/view/uresolver/01TULI_INST/openurl?u.ignore_date_coverage=true&amp;rft.mms_id=991036817555803811</subfield><subfield code='e'>EBSCOhost</subfield><subfield code='9'>Available</subfield><subfield code='c'>EBSCOhost Academic eBook Collection (North America)</subfield><subfield code='h'>613640000000000029</subfield><subfield code='8'>53395008310003811</subfield></datafield></record>