
<record xmlns='http://www.loc.gov/MARC21/slim'><leader>00890nam  2200265Ia 4500</leader><controlfield tag='001'>991036796213603811</controlfield><controlfield tag='005'>20170810173057.0</controlfield><controlfield tag='006'>m     o  d |      </controlfield><controlfield tag='007'>cr -n---------</controlfield><controlfield tag='008'>091007s2010    ne a    o     001 0 eng d</controlfield><datafield ind1=' ' ind2=' ' tag='020'><subfield code='a'>1-282-54141-2</subfield></datafield><datafield ind1=' ' ind2=' ' tag='020'><subfield code='a'>9786612541414</subfield></datafield><datafield ind1=' ' ind2=' ' tag='020'><subfield code='a'>0-08-096322-6</subfield></datafield><datafield ind1=' ' ind2=' ' tag='035'><subfield code='a'>(CKB)2560000000004298</subfield></datafield><datafield ind1=' ' ind2=' ' tag='035'><subfield code='a'>(EBL)535259</subfield></datafield><datafield ind1=' ' ind2=' ' tag='035'><subfield code='a'>(OCoLC)635293683</subfield></datafield><datafield ind1=' ' ind2=' ' tag='035'><subfield code='a'>(SSID)ssj0000404758</subfield></datafield><datafield ind1=' ' ind2=' ' tag='035'><subfield code='a'>(PQKBManifestationID)11260700</subfield></datafield><datafield ind1=' ' ind2=' ' tag='035'><subfield code='a'>(PQKBTitleCode)TC0000404758</subfield></datafield><datafield ind1=' ' ind2=' ' tag='035'><subfield code='a'>(PQKBWorkID)10346358</subfield></datafield><datafield ind1=' ' ind2=' ' tag='035'><subfield code='a'>(PQKB)10948213</subfield></datafield><datafield ind1=' ' ind2=' ' tag='035'><subfield code='a'>(MiAaPQ)EBC535259</subfield></datafield><datafield ind1=' ' ind2=' ' tag='035'><subfield code='a'>(EXLCZ)992560000000004298</subfield></datafield><datafield ind1=' ' ind2=' ' tag='040'><subfield code='a'>MiAaPQ</subfield><subfield code='c'>MiAaPQ</subfield><subfield code='d'>MiAaPQ</subfield></datafield><datafield ind1=' ' ind2=' ' tag='041'><subfield code='a'>eng</subfield></datafield><datafield ind1=' ' ind2='4' tag='050'><subfield code='a'>TA365</subfield><subfield code='b'>.S45 2010</subfield></datafield><datafield ind1='0' ind2='0' tag='082'><subfield code='a'>621.3828</subfield></datafield><datafield ind1='1' ind2=' ' tag='100'><subfield code='a'>Self, Douglas.</subfield></datafield><datafield ind1='1' ind2='0' tag='245'><subfield code='a'>Small signal audio design</subfield><subfield code='h'>[electronic resource] /</subfield><subfield code='c'>Douglas Self.</subfield></datafield><datafield ind1=' ' ind2=' ' tag='260'><subfield code='a'>Amsterdam ;</subfield><subfield code='a'>Oxford :</subfield><subfield code='b'>Focal Press,</subfield><subfield code='c'>c2010.</subfield></datafield><datafield ind1=' ' ind2=' ' tag='300'><subfield code='a'>1 online resource (577 p.)</subfield></datafield><datafield ind1=' ' ind2=' ' tag='336'><subfield code='a'>text</subfield><subfield code='b'>txt</subfield></datafield><datafield ind1=' ' ind2=' ' tag='337'><subfield code='a'>computer</subfield><subfield code='b'>c</subfield></datafield><datafield ind1=' ' ind2=' ' tag='338'><subfield code='a'>online resource</subfield><subfield code='b'>cr</subfield></datafield><datafield ind1=' ' ind2=' ' tag='500'><subfield code='a'>Description based upon print version of record.</subfield></datafield><datafield ind1='0' ind2=' ' tag='505'><subfield code='a'>Front Cover; Small Signal Audio Design; Copyright; Contents; Preface; About the Author; Dedication; Acronyms; CHAPTER 1The Basics; Signals; Amplifiers; Negative Feedback; Nominal Signal Levels; Gain Structures; Noise; Johnson Noise; Shot Noise; 1/f Noise (Flicker Noise); Popcorn Noise; Summing Noise Sources; Noise in Amplifiers; Noise in Bipolar Transistors; Noise in JFETs; Noise in Op-Amps; Low-Noise Op-Amp Circuitry; Noise Measurements; How to Attenuate Quietly; How to Amplify Quietly; How to Invert Quietly; How to Balance Quietly; Ultra-Low-Noise Design with Multipath Amplifiers</subfield></datafield><datafield ind1='8' ind2=' ' tag='505'><subfield code='a'>CHAPTER 2ComponentsConductors; PCB Track-to-Track Crosstalk; Impedances and Crosstalk: A Case History; Resistors; Capacitors; Inductors; CHAPTER 3Discrete Transistor Circuitry; Why Use Discrete Transistor Circuitry?; Bipolars and FETs; Bipolar Junction Transistors; The Transistor Equation; Beta; Unity-Gain Buffer Stages; Gain Stages; Discrete Op-Amp Design; High-Input-Impedance Bipolar Stages; CHAPTER 4Op-Amps and Their Properties; A Very Brief History of Op-Amps; Op-Amp Properties: Noise; Op-Amp Properties: Slew Rate; Op-Amp Properties: Common-Mode Range</subfield></datafield><datafield ind1='8' ind2=' ' tag='505'><subfield code='a'>Op-Amp Properties: Input Offset VoltageOp-Amp Properties: Bias Current; Op-Amp Properties: Cost; Op-Amp Properties: Distortion; Selecting the Right Op-Amp; Op-Amps Surveyed: BJT Input Types; Op-Amps Surveyed: JFET Input Types; CHAPTER 5Filters; Passive Filters; Active Filters; Low-Pass Filters; High-Pass Filters; Combined Low-Pass and High-Pass Filters; Bandpass Filters; Notch Filters; All-Pass Filters; Filter Characteristics; Sallen-and-Key Filters; Distortion in Sallen-and-Key Filters; Multiple-Feedback Bandpass Filters; Making Notch Filters; Differential Filters</subfield></datafield><datafield ind1='8' ind2=' ' tag='505'><subfield code='a'>CHAPTER 6Preamplifier ArchitecturesPassive Preamplifiers; Active Preamplifiers; Amplification and the gain-distribution problem; Active Gain Controls; Recording Facilities; Tone Controls; CHAPTER 7Moving-Magnet Disc Inputs; The Vinyl Medium; Spurious Signals; Maximum Signal Levels on Vinyl; Equalization and Its Discontents; The &apos;Neumann Pole&apos;; Implementing RIAA Equalization; Passive and Semi-Passive RIAA Equalization; Calculating the RIAA Equalization Components; RIAA Equalization Component Tolerances; Simulating Inverse RIAA Equalization; Physical Inverse RIAA Equalization; Overload Margins</subfield></datafield><datafield ind1='8' ind2=' ' tag='505'><subfield code='a'>Cartridge ImpedancesCartridge Loading; Cartridge-Preamplifier Interaction; Cartridge DC and AC Coupling; Discrete MM Disc Input Stages; Op-Amp MM Disc Input Stages; Noise in RIAA Preamplifiers; Noise Results with A-Weighting; RIAA Noise Measurements; Electronic Cartridge Loading for Lower Noise; Subsonic Filters; Combining Subsonic and Ultrasonic Filters; CHAPTER 8Moving-Coil Head Amplifiers; Moving-Coil Cartridge Characteristics; Amplification Strategies; Moving-Coil Transformers; Moving-Coil Input Amplifiers; A New Moving-Coil Amplifier Configuration; The Complete Circuit; Performance</subfield></datafield><datafield ind1='8' ind2=' ' tag='505'><subfield code='a'>CHAPTER 9Volume and Balance Controls</subfield></datafield><datafield ind1=' ' ind2=' ' tag='520'><subfield code='a'>Small- Signal Audio Design is an essential for audio equipment designers and engineers for one simple reason; it enables you as a professional to develop reliable, high-performance circuits. This practical handbook not only teaches you the basic fundamentals but shows you how to apply opamps and discrete transistors in the preamplifier and signal-processing areas of audio and other low-frequency areas. It provides you with the necessary in-depth information, with presentations on the technologies that power the equipment- hi-fi preamplifiers, audio mixers, elect</subfield></datafield><datafield ind1=' ' ind2=' ' tag='546'><subfield code='a'>English</subfield></datafield><datafield ind1=' ' ind2='0' tag='650'><subfield code='a'>Acoustical engineering.</subfield></datafield><datafield ind1=' ' ind2='0' tag='650'><subfield code='a'>Signal processing.</subfield></datafield><datafield ind1=' ' ind2='4' tag='655'><subfield code='a'>Electronic books.</subfield></datafield><datafield ind1=' ' ind2=' ' tag='776'><subfield code='z'>0-240-52177-3</subfield></datafield><datafield ind1=' ' ind2=' ' tag='906'><subfield code='a'>BOOK</subfield></datafield><datafield ind1=' ' ind2=' ' tag='PRT'><subfield code='a'>53364509160003811</subfield><subfield code='b'>https://sandbox01-na.alma.exlibrisgroup.com/view/uresolver/01TULI_INST/openurl?u.ignore_date_coverage=true&amp;rft.mms_id=991036796213603811</subfield><subfield code='e'>Elsevier ScienceDirect AutoLoad</subfield><subfield code='c'>Elsevier ScienceDirect Books Complete</subfield><subfield code='h'>613840000000000009</subfield><subfield code='8'>53364509160003811</subfield></datafield></record>