
<record xmlns='http://www.loc.gov/MARC21/slim'><leader>01059pam a2200373 a 4500</leader><controlfield tag='005'>20170825171927.0</controlfield><controlfield tag='008'>091007s2010    ne a          001 0 eng  </controlfield><controlfield tag='001'>991002184529703811</controlfield><datafield ind1=' ' ind2=' ' tag='020'><subfield code='a'>9780240521770 (pbk.)</subfield></datafield><datafield ind1=' ' ind2=' ' tag='020'><subfield code='a'>0240521773 (pbk.)</subfield></datafield><datafield ind1=' ' ind2=' ' tag='035'><subfield code='a'>(PPT)b42967399-01tuli_inst</subfield></datafield><datafield ind1=' ' ind2=' ' tag='035'><subfield code='a'>(OCoLC)ocn678894461</subfield><subfield code='9'>ExL</subfield></datafield><datafield ind1=' ' ind2=' ' tag='035'><subfield code='a'>(OCoLC)436031252</subfield></datafield><datafield ind1=' ' ind2=' ' tag='035'><subfield code='a'>ocn520661993</subfield></datafield><datafield ind1=' ' ind2=' ' tag='035'><subfield code='a'>(OCLC)ocn520661993</subfield></datafield><datafield ind1=' ' ind2=' ' tag='040'><subfield code='a'>UKM</subfield><subfield code='c'>UKM</subfield><subfield code='d'>BTCTA</subfield><subfield code='d'>YDXCP</subfield><subfield code='d'>C#P</subfield></datafield><datafield ind1=' ' ind2=' ' tag='079'><subfield code='a'>ocn520661993</subfield></datafield><datafield ind1=' ' ind2=' ' tag='090'><subfield code='a'>TA365</subfield><subfield code='b'>.S45 2010</subfield></datafield><datafield ind1='1' ind2=' ' tag='100'><subfield code='a'>Self, Douglas.</subfield></datafield><datafield ind1='1' ind2='0' tag='245'><subfield code='a'>Small signal audio design /</subfield><subfield code='c'>Douglas Self.</subfield></datafield><datafield ind1=' ' ind2=' ' tag='260'><subfield code='a'>Amsterdam ;</subfield><subfield code='a'>Boston :</subfield><subfield code='b'>Focal,</subfield><subfield code='c'>2010.</subfield></datafield><datafield ind1=' ' ind2=' ' tag='300'><subfield code='a'>xviii, 556 p. :</subfield><subfield code='b'>ill. ;</subfield><subfield code='c'>24 cm.</subfield></datafield><datafield ind1=' ' ind2=' ' tag='500'><subfield code='a'>Includes index.</subfield></datafield><datafield ind1=' ' ind2='0' tag='650'><subfield code='a'>Acoustical engineering.</subfield></datafield><datafield ind1=' ' ind2='0' tag='650'><subfield code='a'>Signal processing.</subfield></datafield><datafield ind1=' ' ind2=' ' tag='901'><subfield code='a'>BNA</subfield></datafield><datafield ind1=' ' ind2=' ' tag='901'><subfield code='a'>R5839519</subfield></datafield><datafield ind1=' ' ind2=' ' tag='902'><subfield code='a'>150908</subfield></datafield><datafield ind1=' ' ind2=' ' tag='902'><subfield code='a'>100505AB0701</subfield></datafield><datafield ind1=' ' ind2=' ' tag='907'><subfield code='a'>.b42967399</subfield><subfield code='b'>p    </subfield><subfield code='c'>-</subfield></datafield><datafield ind1=' ' ind2=' ' tag='945'><subfield code='l'>psov3</subfield><subfield code='g'>1</subfield></datafield><datafield ind1=' ' ind2=' ' tag='979'><subfield code='a'>ocn520661993</subfield></datafield><datafield ind1=' ' ind2=' ' tag='998'><subfield code='b'>1</subfield><subfield code='c'>100517</subfield><subfield code='d'>m</subfield><subfield code='e'>a</subfield><subfield code='f'>-</subfield><subfield code='g'>0</subfield></datafield><datafield ind1=' ' ind2=' ' tag='998'><subfield code='b'>1</subfield><subfield code='c'>100517</subfield><subfield code='d'>m</subfield><subfield code='e'>a</subfield><subfield code='f'>-</subfield><subfield code='g'>0</subfield></datafield><datafield ind1='0' ind2=' ' tag='HLD'><subfield code='b'>MAIN</subfield><subfield code='c'>stacks</subfield><subfield code='h'>TA365</subfield><subfield code='i'>.S45 2010</subfield><subfield code='8'>22399787630003811</subfield></datafield><datafield ind1=' ' ind2=' ' tag='ITM'><subfield code='b'>1</subfield><subfield code='h'>0</subfield><subfield code='g'>stacks</subfield><subfield code='9'>39074025676214</subfield><subfield code='e'>stacks</subfield><subfield code='8'>23303386940003811</subfield><subfield code='a'>0</subfield><subfield code='q'>2017-06-20 10:29:19</subfield><subfield code='i'>TA365 .S45 2010</subfield><subfield code='d'>MAIN</subfield><subfield code='r'>2018-06-04 22:23:10</subfield><subfield code='f'>MAIN</subfield></datafield></record>