
<record xmlns='http://www.loc.gov/MARC21/slim'><leader>05540cam a2200457Ia 4500</leader><controlfield tag='005'>20110915081555.0</controlfield><controlfield tag='006'>m        d        </controlfield><controlfield tag='007'>cr cn|</controlfield><controlfield tag='008'>100429s2010    ne a    o     001 0 eng d</controlfield><controlfield tag='001'>991021148259703811</controlfield><datafield ind1=' ' ind2=' ' tag='020'><subfield code='a'>9780240521770</subfield></datafield><datafield ind1=' ' ind2=' ' tag='020'><subfield code='a'>0240521773</subfield></datafield><datafield ind1=' ' ind2=' ' tag='020'><subfield code='a'>9780080963228 (electronic bk.)</subfield></datafield><datafield ind1=' ' ind2=' ' tag='020'><subfield code='a'>0080963226 (electronic bk.)</subfield></datafield><datafield ind1=' ' ind2=' ' tag='035'><subfield code='a'>(PPT)b49824429-01tuli_inst</subfield></datafield><datafield ind1=' ' ind2=' ' tag='035'><subfield code='a'>(OCoLC)610009092</subfield><subfield code='z'>(OCoLC)647909950</subfield><subfield code='z'>(OCoLC)662458976</subfield><subfield code='z'>(OCoLC)712988343</subfield></datafield><datafield ind1=' ' ind2=' ' tag='037'><subfield code='a'>177402:173835</subfield><subfield code='b'>Elsevier Science &amp; Technology</subfield><subfield code='n'>http://www.sciencedirect.com</subfield></datafield><datafield ind1=' ' ind2=' ' tag='040'><subfield code='a'>OPELS</subfield><subfield code='b'>eng</subfield><subfield code='c'>OPELS</subfield><subfield code='d'>CDX</subfield><subfield code='d'>OCLCQ</subfield><subfield code='d'>N$T</subfield><subfield code='d'>IDEBK</subfield><subfield code='d'>E7B</subfield><subfield code='d'>WAU</subfield></datafield><datafield ind1=' ' ind2=' ' tag='049'><subfield code='a'>TEUU</subfield></datafield><datafield ind1=' ' ind2='7' tag='072'><subfield code='a'>TEC</subfield><subfield code='x'>001000</subfield><subfield code='2'>bisacsh</subfield></datafield><datafield ind1=' ' ind2=' ' tag='090'><subfield code='a'>TA365</subfield><subfield code='b'>.S45 2010eb</subfield></datafield><datafield ind1='1' ind2=' ' tag='100'><subfield code='a'>Self, Douglas.</subfield></datafield><datafield ind1='1' ind2='0' tag='245'><subfield code='a'>Small signal audio design</subfield><subfield code='h'>[electronic resource] /</subfield><subfield code='c'>Douglas Self.</subfield></datafield><datafield ind1=' ' ind2=' ' tag='260'><subfield code='a'>Amsterdam ;</subfield><subfield code='a'>Oxford :</subfield><subfield code='b'>Focal Press,</subfield><subfield code='c'>c2010.</subfield></datafield><datafield ind1=' ' ind2=' ' tag='300'><subfield code='a'>1 online resource (xviii, 556 p.) :</subfield><subfield code='b'>ill.</subfield></datafield><datafield ind1=' ' ind2=' ' tag='520'><subfield code='a'>Small Signal Audio Design is a unique guide to the design of high-quality circuitry for preamplifiers, mixing consoles, and a host of other signal-processing devices. Learn to use inexpensive and readily available parts to obtain state-of-the-art performance in all the vital parameters of noise, distortion, crosstalk and so on. Focusing mainly on preamplifiers and mixers this practical handbook gives you an extensive repertoire of circuits that can be put together to make almost any type of audio system. A resource packed full of valuable information, with virtually every page revealing nuggets of specialized knowledge never before published. Essential points of theory that bear on practical performance are lucidly and thoroughly explained, with the mathematics kept to an essential minimum. Douglas&apos; background in design for manufacture ensures he keeps a wary eye on the cost of things. Includes a chapter on power-supplies, full of practical ways to keep both the ripple and the cost down, showing how to power everything. Douglas wears his learning lightly, and this book features the engaging prose style familiar to readers of his other books The Audio Power Amplifier Design Handbook and Self on Audio. You will learn why mercury cables are not a good idea, the pitfalls of plating gold on copper, and what quotes from Star Trek have to do with PCB design. *Provides an enormous amount of knowledge in one unique volume, making it an essential guide to design principles and practice in the wide are of small-signal audio *Includes numerous circuit blocks with all component values given so you can build on them and easily adapt them to your own requirements *Lavishly illustrated with diagrams and graphs, and full of practical measurements on real circuitry so you can be sure just how well it will perform &amp;#x00A0; Learn how to: make amplifiers with apparently impossibly low noise design discrete circuitry that can handle enormous signals with vanishingly low distortion use humble low-gain transistors to make an amplifier with an input impedance of more than 50 Megohms transform the performance of low-cost-opamps, how to make filters with very low noise and distortion make incredibly accurate volume controls make a huge variety of audio equalisers make magnetic cartridge preamplifiers that have noise so low it is limited by basic physics sum, switch, clip, compress, and route audio signals *Provides an enormous amount of knowledge in one unique volume, an essential guide to design principles and practice in the wide are of small-signal audio *Includes numerous circuit blocks with all component values given so you can build on and easily adapt them to your own requirements *Illustrated with numerous diagrams and graphs, and full of practical measurements on real circuitry so you can be sure just how well&amp;#x00A0;it&amp;#x00A0;will perform.</subfield></datafield><datafield ind1='0' ind2=' ' tag='505'><subfield code='a'>CHAPTER 1: SYSTEM ARCHITECTURES -- CHAPTER 1part 2: SPECIFICATION REQUIREMENTS -- CHAPTER 2: COMPONENTS -- CHAPTER 3: BASIC TECHNIQUES OF NEGATIVE FEEDBACK &amp; LOW NOISE -- CHAPTER 3 part 2: DESIGN WITH DISCRETE TRANSISTORS -- CHAPTER 4: DESIGN WITH OPAMPS -- CHAPTER 5: SIGNAL SWITCHING -- CHAPTER 6: LINE INPUTS &amp; OUTPUTS -- CHAPTER 7: MOVING-MAGNET DISC INPUTS -- CHAPTER 8: MOVING-COIL DISC INPUTS -- CHAPTER 9: MICROPHONE INPUTS -- CHAPTER 10: TONE CONTROLS &amp; FILTERS -- CHAPTER 11: FILTERS -- CHAPTER 12: VOLUME-CONTROL &amp; BALANCE -- CHAPTER 13: MIXER SUBSYSTEMS -- CHAPTER 14: ELECTRONIC CROSSOVERS -- CHAPTER 15: LEVEL CONTROL &amp; SPECIAL PROCESSING CIRCUITS -- CHAPTER 16: METERING, MUTING &amp; RELAY CONTROL -- CHAPTER 17: POWER SUPPLIES -- CHAPTER 18: ANALYSIS OF THE MRP 11 PREAMPLIFIER -- CHAPTER 19: ANALYSIS OF THE 200 DELTA MIXER --</subfield></datafield><datafield ind1=' ' ind2=' ' tag='500'><subfield code='a'>Includes index.</subfield></datafield><datafield ind1=' ' ind2=' ' tag='588'><subfield code='a'>Description based on print version record.</subfield></datafield><datafield ind1=' ' ind2=' ' tag='590'><subfield code='a'>Access is available to the Temple Community through use of a networked computer with a Temple IP address.</subfield></datafield><datafield ind1=' ' ind2='0' tag='650'><subfield code='a'>Acoustical engineering.</subfield></datafield><datafield ind1=' ' ind2='0' tag='650'><subfield code='a'>Signal processing.</subfield></datafield><datafield ind1=' ' ind2='0' tag='655'><subfield code='a'>Electronic books.</subfield></datafield><datafield ind1=' ' ind2='7' tag='650'><subfield code='a'>TECHNOLOGY &amp; ENGINEERING</subfield><subfield code='x'>Acoustics &amp; Sound.</subfield><subfield code='2'>bisacsh</subfield></datafield><datafield ind1='2' ind2=' ' tag='710'><subfield code='a'>ScienceDirect (Online service)</subfield></datafield><datafield ind1='0' ind2='8' tag='776'><subfield code='i'>Print version:</subfield><subfield code='a'>Self, Douglas.</subfield><subfield code='t'>Small signal audio design.</subfield><subfield code='d'>Amsterdam ; Oxford : Focal Press, c2010</subfield><subfield code='z'>9780240521770</subfield><subfield code='z'>0240521773</subfield><subfield code='w'>(OCoLC)520661993</subfield></datafield><datafield ind1='4' ind2='0' tag='856'><subfield code='3'>ScienceDirect</subfield><subfield code='z'>Access full text online.</subfield><subfield code='u'>http://libproxy.temple.edu/login?url=http://www.sciencedirect.com/science/book/9780240521770</subfield></datafield><datafield ind1=' ' ind2=' ' tag='907'><subfield code='a'>.b49824429</subfield><subfield code='b'>w    </subfield><subfield code='c'>-</subfield></datafield><datafield ind1=' ' ind2=' ' tag='902'><subfield code='a'>111216</subfield></datafield><datafield ind1=' ' ind2=' ' tag='998'><subfield code='b'>1</subfield><subfield code='c'>110925</subfield><subfield code='d'>m</subfield><subfield code='e'>@</subfield><subfield code='f'>-</subfield><subfield code='g'>0</subfield></datafield><datafield ind1=' ' ind2=' ' tag='945'><subfield code='l'>w    </subfield><subfield code='g'>1</subfield></datafield><datafield ind1=' ' ind2=' ' tag='ADM'><subfield code='e'>b49824429-01tuli_inst</subfield><subfield code='d'>ILS</subfield><subfield code='a'>2017-06-20 06:55:30</subfield><subfield code='c'>false</subfield></datafield><datafield ind1=' ' ind2=' ' tag='PRT'><subfield code='a'>53375440540003811</subfield><subfield code='b'>https://sandbox01-na.alma.exlibrisgroup.com/view/uresolver/01TULI_INST/openurl?u.ignore_date_coverage=true&amp;rft.mms_id=991021148259703811</subfield><subfield code='f'>Access full text online.</subfield><subfield code='9'>Available</subfield><subfield code='d'>MAIN</subfield><subfield code='c'>ScienceDirect</subfield><subfield code='8'>53375440540003811</subfield></datafield></record>