
<record xmlns='http://www.loc.gov/MARC21/slim'><leader>02969nas  22006857a 4500</leader><controlfield tag='001'>991036737039803811</controlfield><controlfield tag='005'>20180322131220.0</controlfield><controlfield tag='006'>m     o  d        </controlfield><controlfield tag='007'>cr un|</controlfield><controlfield tag='008'>050615d19932005nyubr pso     0   a0eng c</controlfield><datafield ind1=' ' ind2=' ' tag='010'><subfield code='a'>  2005212494</subfield></datafield><datafield ind1=' ' ind2=' ' tag='022'><subfield code='a'>1558-2353</subfield></datafield><datafield ind1=' ' ind2=' ' tag='035'><subfield code='a'>(OCoLC)60638473</subfield></datafield><datafield ind1=' ' ind2=' ' tag='035'><subfield code='a'>(CKB)954925599641</subfield></datafield><datafield ind1=' ' ind2=' ' tag='035'><subfield code='a'>(CONSER)  2005212494</subfield></datafield><datafield ind1=' ' ind2=' ' tag='035'><subfield code='a'>(EXLCZ)99954925599641</subfield></datafield><datafield ind1=' ' ind2=' ' tag='037'><subfield code='b'>IEEE Service Center, P.O. Box 1331, 445 Hoes Lane, Piscataway, NJ 08855-1331</subfield></datafield><datafield ind1=' ' ind2=' ' tag='042'><subfield code='a'>nsdp</subfield><subfield code='a'>pcc</subfield></datafield><datafield ind1='1' ind2='0' tag='050'><subfield code='a'>ISSN RECORD</subfield></datafield><datafield ind1=' ' ind2='4' tag='050'><subfield code='a'>TK7882.S65</subfield><subfield code='b'>I38</subfield></datafield><datafield ind1=' ' ind2='4' tag='060'><subfield code='a'>W1</subfield><subfield code='b'>IE447</subfield></datafield><datafield ind1='1' ind2='0' tag='082'><subfield code='a'>621</subfield><subfield code='2'>13</subfield></datafield><datafield ind1='0' ind2=' ' tag='130'><subfield code='a'>IEEE transactions on speech and audio processing (Online)</subfield></datafield><datafield ind1=' ' ind2=' ' tag='210'><subfield code='a'>IEEE TRANS SPEECH AUDIO PROCESS</subfield></datafield><datafield ind1=' ' ind2=' ' tag='210'><subfield code='a'>IEEE TRANS SPEECH AUDIO PROC</subfield></datafield><datafield ind1=' ' ind2=' ' tag='210'><subfield code='a'>IEEE T SPEECH AUDI P</subfield></datafield><datafield ind1=' ' ind2=' ' tag='210'><subfield code='a'>IEEE SPEECH</subfield></datafield><datafield ind1=' ' ind2=' ' tag='210'><subfield code='a'>SPEECH AND AUDIO PROCESSING, IEEE TRANSACTIONS ON</subfield></datafield><datafield ind1='0' ind2=' ' tag='210'><subfield code='a'>IEEE trans. speech audio process.</subfield></datafield><datafield ind1='0' ind2=' ' tag='210'><subfield code='a'>IEEE trans. speech audio process.</subfield><subfield code='b'>(Online)</subfield></datafield><datafield ind1=' ' ind2='0' tag='222'><subfield code='a'>IEEE transactions on speech and audio processing</subfield><subfield code='b'>(Online)</subfield></datafield><datafield ind1='1' ind2='0' tag='245'><subfield code='a'>IEEE transactions on speech and audio processing</subfield><subfield code='h'>[electronic resource] :</subfield><subfield code='b'>a publication of the IEEE Signal Processing Society.</subfield></datafield><datafield ind1='3' ind2=' ' tag='246'><subfield code='a'>Institute of Electrical and Electronics Engineers transactions on speech and audio processing</subfield></datafield><datafield ind1='1' ind2='0' tag='246'><subfield code='a'>Transactions on speech and audio processing</subfield></datafield><datafield ind1='1' ind2='0' tag='246'><subfield code='a'>Speech and audio processing</subfield></datafield><datafield ind1=' ' ind2=' ' tag='246'><subfield code='a'>IEEE Transactions on Speech &amp; Audio Processing</subfield></datafield><datafield ind1=' ' ind2=' ' tag='260'><subfield code='a'>New York, NY :</subfield><subfield code='b'>Institute of Electrical and Electronics Engineers</subfield></datafield><datafield ind1=' ' ind2=' ' tag='310'><subfield code='a'>6 times a year,</subfield><subfield code='b'>2003-</subfield></datafield><datafield ind1=' ' ind2=' ' tag='321'><subfield code='a'>Frequency varies,</subfield><subfield code='b'>1993-</subfield></datafield><datafield ind1='1' ind2=' ' tag='362'><subfield code='a'>Print began with v. 1, no. 1 (Jan. 1993); ceased with v. 13, issue 6, published 2005.</subfield></datafield><datafield ind1=' ' ind2=' ' tag='538'><subfield code='a'>Mode of access: World Wide Web.</subfield></datafield><datafield ind1=' ' ind2=' ' tag='588'><subfield code='a'>Description based on print version record.</subfield></datafield><datafield ind1=' ' ind2=' ' tag='588'><subfield code='a'>Latest issue consulted: Vol. 13, issue 5 (pt. 2) (2005) (viewed IEEE website Sept. 21, 2005).</subfield></datafield><datafield ind1=' ' ind2=' ' tag='500'><subfield code='a'>Refereed/Peer-reviewed</subfield></datafield><datafield ind1=' ' ind2='0' tag='650'><subfield code='a'>Speech processing systems</subfield><subfield code='v'>Periodicals.</subfield></datafield><datafield ind1=' ' ind2='0' tag='650'><subfield code='a'>Electro-acoustics</subfield><subfield code='v'>Periodicals.</subfield></datafield><datafield ind1=' ' ind2='0' tag='650'><subfield code='a'>Signal processing</subfield><subfield code='x'>Digital techniques</subfield><subfield code='v'>Periodicals.</subfield></datafield><datafield ind1=' ' ind2='2' tag='650'><subfield code='a'>Auditory Perception</subfield><subfield code='v'>Periodicals.</subfield></datafield><datafield ind1=' ' ind2='2' tag='650'><subfield code='a'>Automatic Data Processing</subfield><subfield code='v'>Periodicals.</subfield></datafield><datafield ind1=' ' ind2='2' tag='650'><subfield code='a'>Signal Processing, Computer-Assisted</subfield><subfield code='v'>Periodicals.</subfield></datafield><datafield ind1=' ' ind2='2' tag='650'><subfield code='a'>Sound</subfield><subfield code='v'>Periodicals.</subfield></datafield><datafield ind1=' ' ind2='2' tag='650'><subfield code='a'>Speech</subfield><subfield code='v'>Periodicals.</subfield></datafield><datafield ind1=' ' ind2='2' tag='650'><subfield code='a'>Speech Perception</subfield><subfield code='v'>Periodicals.</subfield></datafield><datafield ind1=' ' ind2='7' tag='650'><subfield code='a'>Electro-acoustics.</subfield><subfield code='2'>fast</subfield><subfield code='0'>(OCoLC)fst00906339</subfield></datafield><datafield ind1=' ' ind2='7' tag='650'><subfield code='a'>Signal processing</subfield><subfield code='x'>Digital techniques.</subfield><subfield code='2'>fast</subfield><subfield code='0'>(OCoLC)fst01118285</subfield></datafield><datafield ind1=' ' ind2='7' tag='650'><subfield code='a'>Speech processing systems.</subfield><subfield code='2'>fast</subfield><subfield code='0'>(OCoLC)fst01129243</subfield></datafield><datafield ind1=' ' ind2='7' tag='655'><subfield code='a'>Periodicals.</subfield><subfield code='2'>fast</subfield><subfield code='0'>(OCoLC)fst01411641</subfield></datafield><datafield ind1='2' ind2=' ' tag='710'><subfield code='a'>IEEE Signal Processing Society.</subfield></datafield><datafield ind1='0' ind2='0' tag='785'><subfield code='t'>IEEE transactions on audio, speech and language processing</subfield><subfield code='w'>(CKB)1000000000210663</subfield><subfield code='w'>(DLC)2005215814</subfield><subfield code='w'>(OCoLC)62197773</subfield><subfield code='x'>1558-7924</subfield></datafield><datafield ind1=' ' ind2=' ' tag='776'><subfield code='x'>1063-6676</subfield></datafield><datafield ind1=' ' ind2=' ' tag='906'><subfield code='a'>JOURNAL</subfield></datafield><datafield ind1=' ' ind2=' ' tag='ADM'><subfield code='b'>2018-03-24 00:59:29</subfield><subfield code='e'>99954925599641</subfield><subfield code='d'>NON_SFX</subfield><subfield code='a'>2012-02-25 22:30:21</subfield><subfield code='c'>false</subfield></datafield><datafield ind1=' ' ind2=' ' tag='PRT'><subfield code='a'>53350003550003811</subfield><subfield code='b'>https://sandbox01-na.alma.exlibrisgroup.com/view/uresolver/01TULI_INST/openurl?u.ignore_date_coverage=true&amp;rft.mms_id=991036737039803811</subfield><subfield code='e'>IEEE Xplore</subfield><subfield code='g'> Available from 1993 volume: 1 issue: 1 until 2005 volume: 13 issue: 6.</subfield><subfield code='9'>Available</subfield><subfield code='c'>IEEE/IET Electronic Library (IEL) Journals</subfield><subfield code='h'>61110982940858951</subfield><subfield code='8'>53350003550003811</subfield></datafield></record>