
<record xmlns='http://www.loc.gov/MARC21/slim'><leader>00607camZa2200145zZZ4500</leader><controlfield tag='001'>991036738933303811</controlfield><controlfield tag='005'>20180327173137.0</controlfield><controlfield tag='008'>180319u2013uuuuuuuuu-|-o----u|----|eng-d</controlfield><datafield ind1=' ' ind2=' ' tag='020'><subfield code='a'>1-4799-0972-6</subfield></datafield><datafield ind1=' ' ind2=' ' tag='035'><subfield code='a'>(CKB)3460000000126071</subfield></datafield><datafield ind1=' ' ind2=' ' tag='035'><subfield code='a'>(EXLCZ)993460000000126071</subfield></datafield><datafield ind1='0' ind2='0' tag='245'><subfield code='a'>2013 IEEE Workshop on Applications of Signal Processing to Audio and Acoustics</subfield></datafield><datafield ind1=' ' ind2=' ' tag='246'><subfield code='a'>Applications of Signal Processing to Audio and Acoustics </subfield></datafield><datafield ind1=' ' ind2=' ' tag='776'><subfield code='z'>1-4799-0970-X</subfield></datafield><datafield ind1='0' ind2=' ' tag='760'><subfield code='t'>IEEE Workshop on Applications of Signal Processing to Audio and Acoustics :[proceedings]</subfield><subfield code='w'>(CKB)1000000000310426</subfield><subfield code='w'>(DLC)2009204022</subfield><subfield code='w'>(OCoLC)316205195</subfield><subfield code='x'>1947-1610</subfield></datafield><datafield ind1=' ' ind2=' ' tag='906'><subfield code='a'>PROCEEDING</subfield></datafield><datafield ind1=' ' ind2=' ' tag='ADM'><subfield code='b'>2018-03-29 10:55:31</subfield><subfield code='e'>993460000000126071</subfield><subfield code='d'>NON_SFX</subfield><subfield code='a'>2014-02-09 10:10:58</subfield><subfield code='c'>false</subfield></datafield><datafield ind1=' ' ind2=' ' tag='PRT'><subfield code='a'>53350381910003811</subfield><subfield code='b'>https://sandbox01-na.alma.exlibrisgroup.com/view/uresolver/01TULI_INST/openurl?u.ignore_date_coverage=true&amp;rft.mms_id=991036738933303811</subfield><subfield code='e'>IEEE Xplore</subfield><subfield code='9'>Available</subfield><subfield code='c'>IEEE/IET Electronic Library (IEL) Conference Proceedings</subfield><subfield code='h'>61111026746359000</subfield><subfield code='8'>53350381910003811</subfield></datafield></record>