
<record xmlns='http://www.loc.gov/MARC21/slim'><leader>ZZZZZcamZa22ZZZZZzZZ4500</leader><controlfield tag='001'>991036739513003811</controlfield><controlfield tag='008'>160411uuuuuuuuuuuuuu-|-o----u|----|eng-d</controlfield><datafield ind1=' ' ind2=' ' tag='035'><subfield code='a'>(CKB)3710000000536546</subfield></datafield><datafield ind1=' ' ind2=' ' tag='035'><subfield code='a'>(EXLCZ)993710000000536546</subfield></datafield><datafield ind1='0' ind2='0' tag='245'><subfield code='a'>Applications of Signal Processing to Audio and Acoustics (WASPAA), 2015 IEEE Workshop on</subfield></datafield><datafield ind1=' ' ind2=' ' tag='246'><subfield code='a'>Applications of Signal Processing to Audio and Acoustics </subfield></datafield><datafield ind1=' ' ind2=' ' tag='260'><subfield code='b'>IEEE</subfield></datafield><datafield ind1=' ' ind2=' ' tag='906'><subfield code='a'>PROCEEDING</subfield></datafield><datafield ind1=' ' ind2=' ' tag='ADM'><subfield code='b'>2017-06-20 21:13:19</subfield><subfield code='e'>993710000000536546</subfield><subfield code='d'>NON_SFX</subfield><subfield code='a'>2015-12-12 15:57:58</subfield><subfield code='c'>false</subfield></datafield><datafield ind1=' ' ind2=' ' tag='PRT'><subfield code='a'>53350510010003811</subfield><subfield code='b'>https://sandbox01-na.alma.exlibrisgroup.com/view/uresolver/01TULI_INST/openurl?u.ignore_date_coverage=true&amp;rft.mms_id=991036739513003811</subfield><subfield code='e'>IEEE Xplore</subfield><subfield code='9'>Available</subfield><subfield code='c'>IEEE/IET Electronic Library (IEL) Conference Proceedings</subfield><subfield code='h'>61111026746359000</subfield><subfield code='8'>53350510010003811</subfield></datafield></record>