
<record xmlns='http://www.loc.gov/MARC21/slim'><leader>01762nam a2200421 a 4500</leader><controlfield tag='005'>20170825182820.0</controlfield><controlfield tag='008'>950103s1993    njua     b    100 0 eng  </controlfield><controlfield tag='001'>991035641189703811</controlfield><datafield ind1=' ' ind2=' ' tag='010'><subfield code='a'>95100205</subfield><subfield code='z'>94241136</subfield></datafield><datafield ind1=' ' ind2=' ' tag='020'><subfield code='a'>0780320786 (softbound)</subfield></datafield><datafield ind1=' ' ind2=' ' tag='020'><subfield code='a'>0780320794 (microfiche)</subfield></datafield><datafield ind1=' ' ind2=' ' tag='035'><subfield code='a'>(PPT)b17407515-01tuli_inst</subfield></datafield><datafield ind1=' ' ind2=' ' tag='035'><subfield code='a'>(DLC    )ocn477292011</subfield><subfield code='9'>ExL</subfield></datafield><datafield ind1=' ' ind2=' ' tag='035'><subfield code='a'>DLC   95100205</subfield></datafield><datafield ind1=' ' ind2=' ' tag='035'><subfield code='a'>ocm32014279</subfield></datafield><datafield ind1=' ' ind2=' ' tag='035'><subfield code='a'>(OCLC)ocm32014279</subfield></datafield><datafield ind1=' ' ind2=' ' tag='040'><subfield code='a'>DLC</subfield><subfield code='c'>DLC</subfield><subfield code='d'>DLC</subfield></datafield><datafield ind1=' ' ind2=' ' tag='079'><subfield code='a'>ocm32014279</subfield></datafield><datafield ind1=' ' ind2=' ' tag='090'><subfield code='a'>TK7881.4.I34 1993</subfield></datafield><datafield ind1='2' ind2=' ' tag='111'><subfield code='a'>IEEE ASSP Workshop on Applications of Signal Processing to Audio and Acoustics</subfield><subfield code='d'>(1993 :</subfield><subfield code='c'>New Paltz, N.Y.)</subfield></datafield><datafield ind1='1' ind2='0' tag='245'><subfield code='a'>1993 IEEE ASSP Workshop on Applications of Signal Processing to Audio and Acoustics :</subfield><subfield code='b'>October 17-20, Mohonk Mountain House, New Paltz, New York /</subfield><subfield code='c'>general chair, Mark Kahrs.</subfield></datafield><datafield ind1=' ' ind2=' ' tag='260'><subfield code='a'>Piscataway, NJ :</subfield><subfield code='b'>IEEE Service Center,</subfield><subfield code='c'>c1993.</subfield></datafield><datafield ind1=' ' ind2=' ' tag='300'><subfield code='a'>1 v. (unpaged) :</subfield><subfield code='b'>ill. ;</subfield><subfield code='c'>29 cm.</subfield></datafield><datafield ind1=' ' ind2=' ' tag='500'><subfield code='a'>Title on half t.p.: 1993 IEEE Workshop on Applications of Signal Processing to Audio and Acoustics.</subfield></datafield><datafield ind1=' ' ind2=' ' tag='500'><subfield code='a'>At head of title on cover: Final program and paper summaries.</subfield></datafield><datafield ind1=' ' ind2=' ' tag='500'><subfield code='a'>ISBN and imprint from labels on verso of p. before t.p.</subfield></datafield><datafield ind1=' ' ind2=' ' tag='504'><subfield code='a'>Includes bibliographical references.</subfield></datafield><datafield ind1=' ' ind2='0' tag='650'><subfield code='a'>Sound</subfield><subfield code='x'>Recording and reproducing</subfield><subfield code='x'>Mathematics</subfield><subfield code='x'>Congresses.</subfield></datafield><datafield ind1=' ' ind2='0' tag='650'><subfield code='a'>Signal processing</subfield><subfield code='x'>Digital techniques</subfield><subfield code='x'>Congresses.</subfield></datafield><datafield ind1='1' ind2=' ' tag='700'><subfield code='a'>Kahrs, Mark.</subfield></datafield><datafield ind1='0' ind2='1' tag='740'><subfield code='a'>1993 IEEE Workshop on Applications of Signal Processing to Audio and Acoustics.</subfield></datafield><datafield ind1='0' ind2='1' tag='740'><subfield code='a'>Final program and paper summaries.</subfield></datafield><datafield ind1=' ' ind2=' ' tag='902'><subfield code='a'>100104</subfield></datafield><datafield ind1=' ' ind2=' ' tag='907'><subfield code='a'>.b17407515</subfield><subfield code='b'>k    </subfield><subfield code='c'>-</subfield></datafield><datafield ind1=' ' ind2=' ' tag='935'><subfield code='a'>00806533</subfield></datafield><datafield ind1=' ' ind2=' ' tag='945'><subfield code='l'>kstk </subfield><subfield code='g'>1</subfield></datafield><datafield ind1=' ' ind2=' ' tag='979'><subfield code='a'>ocm32014279</subfield></datafield><datafield ind1=' ' ind2=' ' tag='998'><subfield code='b'>1</subfield><subfield code='c'>990101</subfield><subfield code='d'>m</subfield><subfield code='e'>a</subfield><subfield code='f'>-</subfield><subfield code='g'>0</subfield></datafield><datafield ind1=' ' ind2=' ' tag='ADM'><subfield code='b'>2017-08-25 22:28:20</subfield><subfield code='e'>b17407515-01tuli_inst</subfield><subfield code='d'>ILS</subfield><subfield code='a'>2017-06-20 09:07:57</subfield><subfield code='c'>false</subfield></datafield><datafield ind1='0' ind2=' ' tag='HLD'><subfield code='b'>KARDON</subfield><subfield code='c'>p_remote</subfield><subfield code='h'>TK7881.4.I34 1993</subfield><subfield code='8'>22291201240003811</subfield></datafield><datafield ind1=' ' ind2=' ' tag='ITM'><subfield code='r'>22291201240003811</subfield><subfield code='b'>1</subfield><subfield code='h'>0</subfield><subfield code='g'>p_remote</subfield><subfield code='t'>BOOK</subfield><subfield code='9'>39074011036647</subfield><subfield code='e'>p_remote</subfield><subfield code='8'>23291201230003811</subfield><subfield code='a'>0</subfield><subfield code='q'>2017-06-20 09:07:57</subfield><subfield code='i'>TK7881.4.I34 1993</subfield><subfield code='d'>KARDON</subfield><subfield code='f'>KARDON</subfield></datafield></record>