
<record xmlns='http://www.loc.gov/MARC21/slim'><leader>00416camZa2200121zZZ4500</leader><controlfield tag='001'>991036737278403811</controlfield><controlfield tag='005'>20160803134623.0</controlfield><controlfield tag='008'>160829s1999    xx      o           eng d</controlfield><datafield ind1=' ' ind2=' ' tag='035'><subfield code='a'>(CKB)111026746726222</subfield></datafield><datafield ind1=' ' ind2=' ' tag='035'><subfield code='a'>(SSID)ssj0000450689</subfield></datafield><datafield ind1=' ' ind2=' ' tag='035'><subfield code='a'>(PQKBManifestationID)12149611</subfield></datafield><datafield ind1=' ' ind2=' ' tag='035'><subfield code='a'>(PQKBTitleCode)TC0000450689</subfield></datafield><datafield ind1=' ' ind2=' ' tag='035'><subfield code='a'>(PQKBWorkID)10444428</subfield></datafield><datafield ind1=' ' ind2=' ' tag='035'><subfield code='a'>(PQKB)10952753</subfield></datafield><datafield ind1=' ' ind2=' ' tag='035'><subfield code='a'>(EXLCZ)99111026746726222</subfield></datafield><datafield ind1=' ' ind2=' ' tag='040'><subfield code='a'>PQKB</subfield></datafield><datafield ind1=' ' ind2=' ' tag='041'><subfield code='a'>eng</subfield></datafield><datafield ind1=' ' ind2=' ' tag='110'><subfield code='a'>IEEE Signal Processing Society Staff</subfield><subfield code='e'>Corporate Author</subfield></datafield><datafield ind1=' ' ind2=' ' tag='210'><subfield code='a'>APPLICATIONS OF SIGNAL PROCESSING TO AUDIO AND ACOUSTICS, 1999 IEEE WORKSHOP ON</subfield></datafield><datafield ind1='1' ind2='0' tag='245'><subfield code='a'>IEEE Workshop on Applications of Signal Processing to Audio and Acoustics, 1999</subfield></datafield><datafield ind1='3' ind2='1' tag='264'><subfield code='a'>[Place of publication not identified]</subfield><subfield code='b'>I E E E</subfield><subfield code='c'>1999</subfield></datafield><datafield ind1=' ' ind2=' ' tag='336'><subfield code='a'>text</subfield><subfield code='b'>txt</subfield></datafield><datafield ind1=' ' ind2=' ' tag='337'><subfield code='a'>computer</subfield><subfield code='b'>c</subfield></datafield><datafield ind1=' ' ind2=' ' tag='338'><subfield code='a'>online resource</subfield><subfield code='b'>cr</subfield></datafield><datafield ind1=' ' ind2=' ' tag='500'><subfield code='a'>Bibliographic Level Mode of Issuance: Monograph</subfield></datafield><datafield ind1=' ' ind2=' ' tag='546'><subfield code='a'>English</subfield></datafield><datafield ind1=' ' ind2=' ' tag='710'><subfield code='a'>IEEE, Institute of Electrical and Electronics Engineers, Inc. Staff</subfield><subfield code='e'>Content Provider</subfield></datafield><datafield ind1=' ' ind2=' ' tag='776'><subfield code='z'>0-7803-5612-8</subfield></datafield><datafield ind1=' ' ind2=' ' tag='906'><subfield code='a'>PROCEEDING</subfield></datafield><datafield ind1=' ' ind2=' ' tag='ADM'><subfield code='b'>2018-03-27 08:14:46</subfield><subfield code='e'>99111026746726222</subfield><subfield code='d'>NON_SFX</subfield><subfield code='f'>20160803134623.0</subfield><subfield code='a'>2012-02-25 22:18:26</subfield><subfield code='c'>false</subfield></datafield><datafield ind1=' ' ind2=' ' tag='PRT'><subfield code='a'>53350032530003811</subfield><subfield code='b'>https://sandbox01-na.alma.exlibrisgroup.com/view/uresolver/01TULI_INST/openurl?u.ignore_date_coverage=true&amp;rft.mms_id=991036737278403811</subfield><subfield code='e'>IEEE Xplore</subfield><subfield code='9'>Available</subfield><subfield code='c'>IEEE/IET Electronic Library (IEL) Conference Proceedings</subfield><subfield code='h'>61111026746359000</subfield><subfield code='8'>53350032530003811</subfield></datafield></record>