
<record xmlns='http://www.loc.gov/MARC21/slim'><leader>00436camZa2200121zZZ4500</leader><controlfield tag='001'>991036737141803811</controlfield><controlfield tag='005'>20160803134623.0</controlfield><controlfield tag='008'>160829s1995    xx      o           eng d</controlfield><datafield ind1=' ' ind2=' ' tag='035'><subfield code='a'>(CKB)111026746714894</subfield></datafield><datafield ind1=' ' ind2=' ' tag='035'><subfield code='a'>(SSID)ssj0000455352</subfield></datafield><datafield ind1=' ' ind2=' ' tag='035'><subfield code='a'>(PQKBManifestationID)12185180</subfield></datafield><datafield ind1=' ' ind2=' ' tag='035'><subfield code='a'>(PQKBTitleCode)TC0000455352</subfield></datafield><datafield ind1=' ' ind2=' ' tag='035'><subfield code='a'>(PQKBWorkID)10399797</subfield></datafield><datafield ind1=' ' ind2=' ' tag='035'><subfield code='a'>(PQKB)11113072</subfield></datafield><datafield ind1=' ' ind2=' ' tag='035'><subfield code='a'>(EXLCZ)99111026746714894</subfield></datafield><datafield ind1=' ' ind2=' ' tag='040'><subfield code='a'>PQKB</subfield></datafield><datafield ind1=' ' ind2=' ' tag='041'><subfield code='a'>eng</subfield></datafield><datafield ind1=' ' ind2=' ' tag='110'><subfield code='a'>IEEE Signal Processing Society Staff</subfield><subfield code='e'>Corporate Author</subfield></datafield><datafield ind1=' ' ind2=' ' tag='210'><subfield code='a'>APPLICATIONS OF SIGNAL PROCESSING TO AUDIO &amp; ACOUSTICS, 1995., IEEE ASSP WORKSHOP ON</subfield></datafield><datafield ind1='1' ind2='0' tag='245'><subfield code='a'>1995 IEEE Workshop on Applications of Signal Processing to Audio and Acoustics</subfield></datafield><datafield ind1='3' ind2='1' tag='264'><subfield code='a'>[Place of publication not identified]</subfield><subfield code='b'>IEEE</subfield><subfield code='c'>1995</subfield></datafield><datafield ind1=' ' ind2=' ' tag='336'><subfield code='a'>text</subfield><subfield code='b'>txt</subfield></datafield><datafield ind1=' ' ind2=' ' tag='337'><subfield code='a'>computer</subfield><subfield code='b'>c</subfield></datafield><datafield ind1=' ' ind2=' ' tag='338'><subfield code='a'>online resource</subfield><subfield code='b'>cr</subfield></datafield><datafield ind1=' ' ind2=' ' tag='500'><subfield code='a'>Bibliographic Level Mode of Issuance: Monograph</subfield></datafield><datafield ind1=' ' ind2=' ' tag='546'><subfield code='a'>English</subfield></datafield><datafield ind1=' ' ind2=' ' tag='710'><subfield code='a'>IEEE, Institute of Electrical and Electronics Engineers, Inc. Staff</subfield><subfield code='e'>Content Provider</subfield></datafield><datafield ind1=' ' ind2=' ' tag='776'><subfield code='z'>0-7803-3064-1</subfield></datafield><datafield ind1=' ' ind2=' ' tag='906'><subfield code='a'>PROCEEDING</subfield></datafield><datafield ind1=' ' ind2=' ' tag='ADM'><subfield code='b'>2018-03-27 07:59:32</subfield><subfield code='e'>99111026746714894</subfield><subfield code='d'>NON_SFX</subfield><subfield code='f'>20160803134623.0</subfield><subfield code='a'>2012-02-26 02:19:54</subfield><subfield code='c'>false</subfield></datafield><datafield ind1=' ' ind2=' ' tag='PRT'><subfield code='a'>53350028010003811</subfield><subfield code='b'>https://sandbox01-na.alma.exlibrisgroup.com/view/uresolver/01TULI_INST/openurl?u.ignore_date_coverage=true&amp;rft.mms_id=991036737141803811</subfield><subfield code='e'>IEEE Xplore</subfield><subfield code='9'>Available</subfield><subfield code='c'>IEEE/IET Electronic Library (IEL) Conference Proceedings</subfield><subfield code='h'>61111026746359000</subfield><subfield code='8'>53350028010003811</subfield></datafield></record>