
<record xmlns='http://www.loc.gov/MARC21/slim'><leader>00710camZa2200157zZZ4500</leader><controlfield tag='001'>991036738722803811</controlfield><controlfield tag='005'>20180327173137.0</controlfield><controlfield tag='008'>180319u2007uuuuuuuuu-|-o----u|----|eng-d</controlfield><datafield ind1=' ' ind2=' ' tag='035'><subfield code='a'>(CKB)1000000000711045</subfield></datafield><datafield ind1=' ' ind2=' ' tag='035'><subfield code='a'>(EXLCZ)991000000000711045</subfield></datafield><datafield ind1=' ' ind2=' ' tag='210'><subfield code='a'>APPLICATIONS OF SIGNAL PROCESSING TO AUDIO &amp; ACOUSTICS, 2007 IEEE WORKSHOP ON</subfield></datafield><datafield ind1='0' ind2='0' tag='245'><subfield code='a'>2007 IEEE Workshop on Applications of Signal Processing to Audio and Acoustics</subfield></datafield><datafield ind1=' ' ind2=' ' tag='246'><subfield code='a'>Computational Intelligence for Modeling Control and Automation </subfield></datafield><datafield ind1=' ' ind2=' ' tag='260'><subfield code='a'>New Paltz,NY,USA</subfield></datafield><datafield ind1=' ' ind2=' ' tag='776'><subfield code='z'>1-4244-1618-3</subfield></datafield><datafield ind1='1' ind2=' ' tag='787'><subfield code='t'>IEEE Workshop on Applications of Signal Processing to Audio and Acoustics :[proceedings]</subfield><subfield code='w'>(CKB)1000000000310426</subfield><subfield code='w'>(DLC)2009204022</subfield><subfield code='w'>(OCoLC)316205195</subfield><subfield code='x'>1947-1610</subfield></datafield><datafield ind1=' ' ind2=' ' tag='906'><subfield code='a'>PROCEEDING</subfield></datafield><datafield ind1=' ' ind2=' ' tag='ADM'><subfield code='b'>2018-03-29 10:55:31</subfield><subfield code='e'>991000000000711045</subfield><subfield code='d'>NON_SFX</subfield><subfield code='a'>2012-02-25 22:15:41</subfield><subfield code='c'>false</subfield></datafield><datafield ind1=' ' ind2=' ' tag='PRT'><subfield code='a'>53350354810003811</subfield><subfield code='b'>https://sandbox01-na.alma.exlibrisgroup.com/view/uresolver/01TULI_INST/openurl?u.ignore_date_coverage=true&amp;rft.mms_id=991036738722803811</subfield><subfield code='e'>IEEE Xplore</subfield><subfield code='9'>Available</subfield><subfield code='c'>IEEE/IET Electronic Library (IEL) Conference Proceedings</subfield><subfield code='h'>61111026746359000</subfield><subfield code='8'>53350354810003811</subfield></datafield></record>