
<record xmlns='http://www.loc.gov/MARC21/slim'><leader>01361cam a2200397 a 4500</leader><controlfield tag='005'>20170825225356.0</controlfield><controlfield tag='008'>980206s1998    maua     b    001 0 eng  </controlfield><controlfield tag='001'>991029949549703811</controlfield><datafield ind1=' ' ind2=' ' tag='010'><subfield code='a'>98005679</subfield></datafield><datafield ind1=' ' ind2=' ' tag='020'><subfield code='a'>0792381300 (alk. paper)</subfield></datafield><datafield ind1=' ' ind2=' ' tag='035'><subfield code='a'>(PPT)b25338420-01tuli_inst</subfield></datafield><datafield ind1=' ' ind2=' ' tag='035'><subfield code='a'>(CStRLIN)ocn489152080</subfield><subfield code='9'>ExL</subfield></datafield><datafield ind1=' ' ind2=' ' tag='035'><subfield code='a'>PPTb25338420</subfield></datafield><datafield ind1=' ' ind2=' ' tag='035'><subfield code='a'>ocm38430797</subfield></datafield><datafield ind1=' ' ind2=' ' tag='035'><subfield code='a'>(OCLC)ocm38430797</subfield></datafield><datafield ind1=' ' ind2=' ' tag='040'><subfield code='a'>DLC</subfield><subfield code='c'>DLC</subfield><subfield code='d'>DLC</subfield></datafield><datafield ind1=' ' ind2=' ' tag='079'><subfield code='a'>ocm38430797</subfield></datafield><datafield ind1=' ' ind2=' ' tag='090'><subfield code='a'>TK7881.4</subfield><subfield code='b'>.A67 1998</subfield></datafield><datafield ind1='0' ind2='0' tag='245'><subfield code='a'>Applications of digital signal processing to audio and acoustics /</subfield><subfield code='c'>edited by Mark Kahrs, Karlheinz Brandenburg.</subfield></datafield><datafield ind1=' ' ind2=' ' tag='260'><subfield code='a'>Boston :</subfield><subfield code='b'>Kluwer,</subfield><subfield code='c'>c1998.</subfield></datafield><datafield ind1=' ' ind2=' ' tag='300'><subfield code='a'>xxxi, 545 p. :</subfield><subfield code='b'>ill. ;</subfield><subfield code='c'>24 cm.</subfield></datafield><datafield ind1=' ' ind2='4' tag='440'><subfield code='a'>The Kluwer international series in engineering and computer science ;</subfield><subfield code='v'>SECS 437.</subfield></datafield><datafield ind1=' ' ind2=' ' tag='504'><subfield code='a'>Includes bibliographical references (p. [467]-534) and index.</subfield></datafield><datafield ind1=' ' ind2='0' tag='650'><subfield code='a'>Sound</subfield><subfield code='x'>Recording and reproducing.</subfield></datafield><datafield ind1=' ' ind2='0' tag='650'><subfield code='a'>Signal processing</subfield><subfield code='x'>Digital techniques.</subfield></datafield><datafield ind1=' ' ind2='0' tag='650'><subfield code='a'>Speech processing systems.</subfield></datafield><datafield ind1=' ' ind2='0' tag='650'><subfield code='a'>Multimedia systems.</subfield></datafield><datafield ind1='1' ind2=' ' tag='700'><subfield code='a'>Kahrs, Mark.</subfield></datafield><datafield ind1='1' ind2=' ' tag='700'><subfield code='a'>Brandenburg, Karlheinz,</subfield><subfield code='d'>1954-</subfield></datafield><datafield ind1=' ' ind2=' ' tag='902'><subfield code='a'>150908</subfield></datafield><datafield ind1=' ' ind2=' ' tag='907'><subfield code='a'>.b25338420</subfield><subfield code='b'>p    </subfield><subfield code='c'>-</subfield></datafield><datafield ind1=' ' ind2=' ' tag='945'><subfield code='l'>pstk </subfield><subfield code='g'>1</subfield></datafield><datafield ind1=' ' ind2=' ' tag='952'><subfield code='a'>DCLC985679B</subfield><subfield code='b'>Library of Congress</subfield></datafield><datafield ind1=' ' ind2=' ' tag='979'><subfield code='a'>ocm38430797</subfield></datafield><datafield ind1=' ' ind2=' ' tag='998'><subfield code='b'>1</subfield><subfield code='c'>021024</subfield><subfield code='d'>m</subfield><subfield code='e'>a</subfield><subfield code='f'>-</subfield><subfield code='g'>0</subfield></datafield><datafield ind1=' ' ind2=' ' tag='998'><subfield code='a'>10/24/02</subfield><subfield code='s'>LC</subfield><subfield code='c'>YL</subfield></datafield><datafield ind1='0' ind2=' ' tag='HLD'><subfield code='b'>MAIN</subfield><subfield code='c'>stacks</subfield><subfield code='h'>TK7881.4</subfield><subfield code='i'>.A67 1998</subfield><subfield code='8'>22287349060003811</subfield></datafield><datafield ind1=' ' ind2=' ' tag='ITM'><subfield code='b'>1</subfield><subfield code='h'>0</subfield><subfield code='g'>stacks</subfield><subfield code='9'>39074015370984</subfield><subfield code='e'>stacks</subfield><subfield code='8'>23287349050003811</subfield><subfield code='a'>0</subfield><subfield code='q'>2017-06-20 08:50:30</subfield><subfield code='i'>TK7881.4 .A67 1998</subfield><subfield code='d'>MAIN</subfield><subfield code='r'>2018-06-04 22:29:26</subfield><subfield code='f'>MAIN</subfield></datafield></record>