
<record xmlns='http://www.loc.gov/MARC21/slim'><leader>02346cam a2200445La 4500</leader><controlfield tag='005'>20180315145456.0</controlfield><controlfield tag='006'>m        u        </controlfield><controlfield tag='007'>cr cn-</controlfield><controlfield tag='008'>020715s2002    maua    sb    001 0 eng d</controlfield><controlfield tag='001'>991019897629703811</controlfield><datafield ind1=' ' ind2=' ' tag='020'><subfield code='a'>030647042X (electronic bk.)</subfield></datafield><datafield ind1=' ' ind2=' ' tag='035'><subfield code='a'>(PPT)b3179371x-01tuli_inst</subfield></datafield><datafield ind1=' ' ind2=' ' tag='035'><subfield code='a'>(OCoLC)ocm50321598 </subfield><subfield code='9'>ExL</subfield></datafield><datafield ind1=' ' ind2=' ' tag='040'><subfield code='a'>N$T</subfield><subfield code='c'>N$T</subfield><subfield code='d'>OCLCQ</subfield></datafield><datafield ind1=' ' ind2=' ' tag='049'><subfield code='a'>GCLA</subfield></datafield><datafield ind1=' ' ind2=' ' tag='090'><subfield code='a'>TK7881.4</subfield><subfield code='b'>.A67 2002eb</subfield></datafield><datafield ind1='0' ind2='0' tag='245'><subfield code='a'>Applications of digital signal processing to audio and acoustics</subfield><subfield code='h'>[electronic resource] /</subfield><subfield code='c'>edited by Mark Kahrs, Karlheinz Brandenburg.</subfield></datafield><datafield ind1=' ' ind2=' ' tag='260'><subfield code='a'>New York :</subfield><subfield code='b'>Kluwer Academic,</subfield><subfield code='c'>c2002.</subfield></datafield><datafield ind1=' ' ind2=' ' tag='300'><subfield code='a'>xxxi, 545 p. :</subfield><subfield code='b'>ill. ;</subfield><subfield code='c'>24 cm.</subfield></datafield><datafield ind1=' ' ind2='4' tag='440'><subfield code='a'>The Kluwer international series in engineering and computer science ;</subfield><subfield code='v'>SECS 437</subfield></datafield><datafield ind1=' ' ind2=' ' tag='504'><subfield code='a'>Includes bibliographical references (p. [467]-534) and index.</subfield></datafield><datafield ind1=' ' ind2=' ' tag='533'><subfield code='a'>Electronic reproduction.</subfield><subfield code='b'>Boulder, Colo. :</subfield><subfield code='c'>NetLibrary,</subfield><subfield code='d'>2002.</subfield><subfield code='n'>Available via World Wide Web.</subfield><subfield code='n'>Access may be limited to NetLibrary affiliated libraries.</subfield></datafield><datafield ind1=' ' ind2=' ' tag='536'><subfield code='a'>This netLibrary electronic book is provided through the Access Pennsylvania Database project, a statewide library union catalog funded by the Pennsylvania Legislature and administered by the Pennsylvania Department of Education, Office of Commonwealth Libraries, Bureau of Library Development.</subfield></datafield><datafield ind1=' ' ind2=' ' tag='590'><subfield code='a'>Access is available to the Temple Community through use of a networked computer with a Temple IP address.</subfield></datafield><datafield ind1=' ' ind2='0' tag='650'><subfield code='a'>Sound</subfield><subfield code='x'>Recording and reproducing.</subfield></datafield><datafield ind1=' ' ind2='0' tag='650'><subfield code='a'>Signal processing</subfield><subfield code='x'>Digital techniques.</subfield></datafield><datafield ind1=' ' ind2='0' tag='650'><subfield code='a'>Speech processing systems.</subfield></datafield><datafield ind1=' ' ind2='0' tag='650'><subfield code='a'>Multimedia systems.</subfield></datafield><datafield ind1=' ' ind2='0' tag='655'><subfield code='a'>Electronic books.</subfield></datafield><datafield ind1='1' ind2=' ' tag='700'><subfield code='a'>Kahrs, Mark.</subfield></datafield><datafield ind1='1' ind2=' ' tag='700'><subfield code='a'>Brandenburg, Karlheinz,</subfield><subfield code='d'>1954-</subfield></datafield><datafield ind1='2' ind2=' ' tag='710'><subfield code='a'>EBSCO Publishing (Firm)</subfield></datafield><datafield ind1='0' ind2=' ' tag='730'><subfield code='a'>EBSCOhost eBook collection.</subfield></datafield><datafield ind1='1' ind2=' ' tag='776'><subfield code='c'>Original</subfield><subfield code='z'>0792381300</subfield></datafield><datafield ind1='4' ind2=' ' tag='856'><subfield code='3'>Bibliographic record display</subfield><subfield code='u'>http://libproxy.temple.edu/login?url=http://www.netLibrary.com/urlapi.asp?action=summary&amp;v=&amp;bookid=69610</subfield><subfield code='z'>Click here to access this electronic book provided through the Access Pennsylvania Database project.</subfield></datafield><datafield ind1=' ' ind2=' ' tag='902'><subfield code='a'>e-resource trial</subfield></datafield><datafield ind1=' ' ind2=' ' tag='902'><subfield code='a'>Authority information changed to reflect Ebsco&apos;s purchase of NetLibrary in 2011; mrtl 2/16/15</subfield></datafield><datafield ind1=' ' ind2=' ' tag='907'><subfield code='a'>.b3179371x</subfield><subfield code='b'>w    </subfield><subfield code='c'>-</subfield></datafield><datafield ind1=' ' ind2=' ' tag='945'><subfield code='l'>w    </subfield><subfield code='g'>1</subfield></datafield><datafield ind1=' ' ind2=' ' tag='998'><subfield code='b'>1</subfield><subfield code='c'>070203</subfield><subfield code='d'>m</subfield><subfield code='e'>@</subfield><subfield code='f'>-</subfield><subfield code='g'>0</subfield></datafield><datafield ind1=' ' ind2=' ' tag='ADM'><subfield code='b'>2018-03-15 18:54:56</subfield><subfield code='e'>b3179371x-01tuli_inst</subfield><subfield code='d'>ILS</subfield><subfield code='a'>2017-06-20 10:33:53</subfield><subfield code='c'>false</subfield></datafield><datafield ind1=' ' ind2=' ' tag='PRT'><subfield code='a'>53367698550003811</subfield><subfield code='b'>https://sandbox01-na.alma.exlibrisgroup.com/view/uresolver/01TULI_INST/openurl?u.ignore_date_coverage=true&amp;rft.mms_id=991019897629703811</subfield><subfield code='f'>Click here to access this electronic book provided through the Access Pennsylvania Database project.</subfield><subfield code='9'>Available</subfield><subfield code='d'>MAIN</subfield><subfield code='c'>NetLibrary</subfield><subfield code='8'>53367698550003811</subfield></datafield></record>