
<record xmlns='http://www.loc.gov/MARC21/slim'><leader>ZZZZZnamZa22ZZZZZzZZ4500</leader><controlfield tag='001'>991036739036603811</controlfield><controlfield tag='008'>160516u2013uuuuuuuuu-|-o----u|----|eng-d</controlfield><datafield ind1=' ' ind2=' ' tag='035'><subfield code='a'>(CKB)4340000000004337</subfield></datafield><datafield ind1=' ' ind2=' ' tag='035'><subfield code='a'>(EXLCZ)994340000000004337</subfield></datafield><datafield ind1='0' ind2='0' tag='245'><subfield code='a'>2013 IEEE Workshop on Applications of Signal Processing to Audio and Acoustics</subfield></datafield><datafield ind1=' ' ind2=' ' tag='260'><subfield code='b'>IEEE</subfield></datafield><datafield ind1=' ' ind2=' ' tag='906'><subfield code='a'>PROCEEDING</subfield></datafield><datafield ind1=' ' ind2=' ' tag='ADM'><subfield code='b'>2017-06-20 21:11:41</subfield><subfield code='e'>994340000000004337</subfield><subfield code='d'>NON_SFX</subfield><subfield code='a'>2016-05-16 05:27:01</subfield><subfield code='c'>false</subfield></datafield><datafield ind1=' ' ind2=' ' tag='PRT'><subfield code='a'>53350413710003811</subfield><subfield code='b'>https://sandbox01-na.alma.exlibrisgroup.com/view/uresolver/01TULI_INST/openurl?u.ignore_date_coverage=true&amp;rft.mms_id=991036739036603811</subfield><subfield code='e'>IEEE Xplore</subfield><subfield code='9'>Available</subfield><subfield code='c'>IEEE/IET Electronic Library (IEL) Conference Proceedings</subfield><subfield code='h'>61111026746359000</subfield><subfield code='8'>53350413710003811</subfield></datafield></record>