
<record xmlns='http://www.loc.gov/MARC21/slim'><leader>01100camZa2200313zZZ4500</leader><controlfield tag='001'>991036738253303811</controlfield><controlfield tag='005'>20180327173137.0</controlfield><controlfield tag='008'>160829s2009    xx      o           eng d</controlfield><datafield ind1=' ' ind2=' ' tag='020'><subfield code='a'>1-4244-3679-6</subfield></datafield><datafield ind1=' ' ind2=' ' tag='035'><subfield code='a'>(CKB)1000000000710008</subfield></datafield><datafield ind1=' ' ind2=' ' tag='035'><subfield code='a'>(SSID)ssj0000452849</subfield></datafield><datafield ind1=' ' ind2=' ' tag='035'><subfield code='a'>(PQKBManifestationID)12184362</subfield></datafield><datafield ind1=' ' ind2=' ' tag='035'><subfield code='a'>(PQKBTitleCode)TC0000452849</subfield></datafield><datafield ind1=' ' ind2=' ' tag='035'><subfield code='a'>(PQKBWorkID)10481010</subfield></datafield><datafield ind1=' ' ind2=' ' tag='035'><subfield code='a'>(PQKB)10217654</subfield></datafield><datafield ind1=' ' ind2=' ' tag='035'><subfield code='a'>(EXLCZ)991000000000710008</subfield></datafield><datafield ind1=' ' ind2=' ' tag='040'><subfield code='a'>PQKB</subfield></datafield><datafield ind1=' ' ind2=' ' tag='041'><subfield code='a'>eng</subfield></datafield><datafield ind1=' ' ind2=' ' tag='110'><subfield code='a'>IEEE Staff</subfield><subfield code='e'>Corporate Author</subfield></datafield><datafield ind1='1' ind2='0' tag='245'><subfield code='a'>2009 IEEE Workshop on Applications of Signal Processing to Audio and Acoustics</subfield></datafield><datafield ind1='3' ind2='1' tag='264'><subfield code='a'>[Place of publication not identified]</subfield><subfield code='b'>I E E E</subfield><subfield code='c'>2009</subfield></datafield><datafield ind1=' ' ind2=' ' tag='336'><subfield code='a'>text</subfield><subfield code='b'>txt</subfield></datafield><datafield ind1=' ' ind2=' ' tag='337'><subfield code='a'>computer</subfield><subfield code='b'>c</subfield></datafield><datafield ind1=' ' ind2=' ' tag='338'><subfield code='a'>online resource</subfield><subfield code='b'>cr</subfield></datafield><datafield ind1=' ' ind2=' ' tag='500'><subfield code='a'>Bibliographic Level Mode of Issuance: Monograph</subfield></datafield><datafield ind1=' ' ind2=' ' tag='546'><subfield code='a'>English</subfield></datafield><datafield ind1=' ' ind2=' ' tag='700'><subfield code='a'>IEEE Staff</subfield><subfield code='e'>Contributor</subfield></datafield><datafield ind1=' ' ind2=' ' tag='776'><subfield code='z'>1-4244-3678-8</subfield></datafield><datafield ind1='0' ind2=' ' tag='760'><subfield code='t'>IEEE Workshop on Applications of Signal Processing to Audio and Acoustics :[proceedings]</subfield><subfield code='w'>(CKB)1000000000310426</subfield><subfield code='w'>(DLC)2009204022</subfield><subfield code='w'>(OCoLC)316205195</subfield><subfield code='x'>1947-1610</subfield></datafield><datafield ind1=' ' ind2=' ' tag='906'><subfield code='a'>PROCEEDING</subfield></datafield><datafield ind1=' ' ind2=' ' tag='ADM'><subfield code='b'>2018-03-29 10:55:31</subfield><subfield code='e'>991000000000710008</subfield><subfield code='d'>NON_SFX</subfield><subfield code='f'>20160803134623.0</subfield><subfield code='a'>2012-02-25 22:19:53</subfield><subfield code='c'>false</subfield></datafield><datafield ind1=' ' ind2=' ' tag='PRT'><subfield code='a'>53350245950003811</subfield><subfield code='b'>https://sandbox01-na.alma.exlibrisgroup.com/view/uresolver/01TULI_INST/openurl?u.ignore_date_coverage=true&amp;rft.mms_id=991036738253303811</subfield><subfield code='e'>IEEE Xplore</subfield><subfield code='9'>Available</subfield><subfield code='c'>IEEE/IET Electronic Library (IEL) Conference Proceedings</subfield><subfield code='h'>61111026746359000</subfield><subfield code='8'>53350245950003811</subfield></datafield></record>