
<record xmlns='http://www.loc.gov/MARC21/slim'><leader>00360camZa2200121zZZ4500</leader><controlfield tag='001'>991036738082203811</controlfield><controlfield tag='005'>20170810183829.0</controlfield><controlfield tag='008'>121018u2007uuuuuuuuu-|-o----u|----|eng-d</controlfield><datafield ind1=' ' ind2=' ' tag='020'><subfield code='a'>1-4244-1619-1</subfield></datafield><datafield ind1=' ' ind2=' ' tag='035'><subfield code='a'>(CKB)1000000000331860</subfield></datafield><datafield ind1=' ' ind2=' ' tag='035'><subfield code='a'>(EXLCZ)991000000000331860</subfield></datafield><datafield ind1=' ' ind2=' ' tag='245'><subfield code='a'>Applications of Signal Processing to Audio and Acoustics, 2007 IEEE Workshop on</subfield></datafield><datafield ind1=' ' ind2=' ' tag='776'><subfield code='z'>1-4244-1620-5</subfield></datafield><datafield ind1=' ' ind2=' ' tag='906'><subfield code='a'>PROCEEDING</subfield></datafield><datafield ind1=' ' ind2=' ' tag='ADM'><subfield code='b'>2017-08-12 07:27:38</subfield><subfield code='e'>991000000000331860</subfield><subfield code='d'>NON_SFX</subfield><subfield code='a'>2012-02-26 01:08:58</subfield><subfield code='c'>false</subfield></datafield><datafield ind1=' ' ind2=' ' tag='PRT'><subfield code='a'>53350208340003811</subfield><subfield code='b'>https://sandbox01-na.alma.exlibrisgroup.com/view/uresolver/01TULI_INST/openurl?u.ignore_date_coverage=true&amp;rft.mms_id=991036738082203811</subfield><subfield code='e'>IEEE Xplore</subfield><subfield code='9'>Available</subfield><subfield code='c'>IEEE/IET Electronic Library (IEL) Conference Proceedings</subfield><subfield code='h'>61111026746359000</subfield><subfield code='8'>53350208340003811</subfield></datafield></record>