
<record xmlns='http://www.loc.gov/MARC21/slim'><leader>01368nam a22004330  4500</leader><controlfield tag='008'>730301r1972    nyua     b    00110 eng  </controlfield><controlfield tag='005'>20170825204042.0</controlfield><controlfield tag='001'>991009158879703811</controlfield><datafield ind1=' ' ind2=' ' tag='010'><subfield code='a'>72090358</subfield></datafield><datafield ind1=' ' ind2=' ' tag='020'><subfield code='a'>0879420170</subfield></datafield><datafield ind1=' ' ind2=' ' tag='020'><subfield code='a'>0879420189 (pbk)</subfield></datafield><datafield ind1=' ' ind2=' ' tag='035'><subfield code='a'>(PPT)b1187238x-01tuli_inst</subfield></datafield><datafield ind1=' ' ind2=' ' tag='035'><subfield code='a'>ocn471102332</subfield><subfield code='9'>ExL</subfield></datafield><datafield ind1=' ' ind2=' ' tag='035'><subfield code='a'>PATG00590935B</subfield></datafield><datafield ind1=' ' ind2=' ' tag='035'><subfield code='a'>ocm00590935</subfield></datafield><datafield ind1=' ' ind2=' ' tag='035'><subfield code='a'>(OCLC)ocm00590935</subfield></datafield><datafield ind1=' ' ind2=' ' tag='079'><subfield code='a'>ocm00590935</subfield></datafield><datafield ind1=' ' ind2=' ' tag='090'><subfield code='a'>TK7872.F5R28</subfield></datafield><datafield ind1='1' ind2='0' tag='100'><subfield code='a'>Rabiner, Lawrence R.,</subfield><subfield code='d'>1943-</subfield></datafield><datafield ind1='1' ind2='0' tag='245'><subfield code='a'>Digital signal processing.</subfield><subfield code='c'>Edited by Lawrence R. Rabiner [and] Charles M. Rader.</subfield></datafield><datafield ind1=' ' ind2=' ' tag='260'><subfield code='a'>New York,</subfield><subfield code='b'>IEEE Press</subfield><subfield code='c'>[1972]</subfield></datafield><datafield ind1=' ' ind2=' ' tag='300'><subfield code='a'>ix, 518 p.</subfield><subfield code='b'>illus.</subfield><subfield code='c'>28 cm.</subfield></datafield><datafield ind1='0' ind2=' ' tag='490'><subfield code='a'>IEEE Press selected reprint series</subfield></datafield><datafield ind1=' ' ind2=' ' tag='500'><subfield code='a'>&quot;Prepared under sponsorship of the IEEE Audio and Electroacoustics Group.&quot;</subfield></datafield><datafield ind1=' ' ind2=' ' tag='504'><subfield code='a'>Bibliography: p. 506-512.</subfield></datafield><datafield ind1=' ' ind2='0' tag='650'><subfield code='a'>Digital filters (Mathematics)</subfield></datafield><datafield ind1=' ' ind2='0' tag='650'><subfield code='a'>Signal theory (Telecommunication)</subfield></datafield><datafield ind1=' ' ind2='0' tag='650'><subfield code='a'>Fourier transformations.</subfield></datafield><datafield ind1='1' ind2='0' tag='700'><subfield code='a'>Rader, Charles M.</subfield></datafield><datafield ind1='2' ind2='0' tag='710'><subfield code='a'>IEEE Audio and Electroacoustics Group.</subfield></datafield><datafield ind1=' ' ind2=' ' tag='902'><subfield code='a'>091201</subfield></datafield><datafield ind1=' ' ind2=' ' tag='907'><subfield code='a'>.b1187238x</subfield><subfield code='b'>p    </subfield><subfield code='c'>-</subfield></datafield><datafield ind1=' ' ind2=' ' tag='935'><subfield code='a'>00200899</subfield></datafield><datafield ind1=' ' ind2=' ' tag='945'><subfield code='l'>pstk </subfield><subfield code='g'>1</subfield></datafield><datafield ind1=' ' ind2=' ' tag='950'><subfield code='l'>TECH</subfield><subfield code='x'>770</subfield><subfield code='i'>01/01/01 N</subfield></datafield><datafield ind1=' ' ind2=' ' tag='955'><subfield code='c'>-</subfield><subfield code='u'>a=8895526     wa</subfield></datafield><datafield ind1=' ' ind2=' ' tag='979'><subfield code='a'>ocm00590935</subfield></datafield><datafield ind1=' ' ind2=' ' tag='998'><subfield code='b'>1</subfield><subfield code='c'>990101</subfield><subfield code='d'>m</subfield><subfield code='e'>a</subfield><subfield code='f'>-</subfield><subfield code='g'>0</subfield></datafield><datafield ind1=' ' ind2=' ' tag='998'><subfield code='n'>PPT</subfield><subfield code='s'>9665</subfield></datafield><datafield ind1=' ' ind2=' ' tag='ADM'><subfield code='b'>2017-08-26 00:40:42</subfield><subfield code='e'>b1187238x-01tuli_inst</subfield><subfield code='d'>ILS</subfield><subfield code='a'>2017-06-20 06:25:27</subfield><subfield code='c'>false</subfield></datafield><datafield ind1='0' ind2=' ' tag='HLD'><subfield code='b'>MAIN</subfield><subfield code='c'>stacks</subfield><subfield code='h'>TK7872.F5R28</subfield><subfield code='8'>22247442030003811</subfield></datafield><datafield ind1=' ' ind2=' ' tag='ITM'><subfield code='r'>22247442030003811</subfield><subfield code='b'>1</subfield><subfield code='h'>0</subfield><subfield code='g'>stacks</subfield><subfield code='t'>BOOK</subfield><subfield code='9'>39074002792489</subfield><subfield code='e'>stacks</subfield><subfield code='8'>23247442020003811</subfield><subfield code='a'>0</subfield><subfield code='q'>2017-06-20 06:25:27</subfield><subfield code='i'>TK7872.F5R28</subfield><subfield code='d'>MAIN</subfield><subfield code='f'>MAIN</subfield></datafield></record>