
<record xmlns='http://www.loc.gov/MARC21/slim'><leader>00985nam  2200265Ia 4500</leader><controlfield tag='001'>991036796055803811</controlfield><controlfield tag='005'>20170815105743.0</controlfield><controlfield tag='006'>m     o  d |      </controlfield><controlfield tag='007'>cr -n---------</controlfield><controlfield tag='008'>080709s2009    mau     ob    001 0 eng d</controlfield><datafield ind1=' ' ind2=' ' tag='020'><subfield code='a'>1-283-60818-9</subfield></datafield><datafield ind1=' ' ind2=' ' tag='020'><subfield code='a'>9786613920638</subfield></datafield><datafield ind1=' ' ind2=' ' tag='020'><subfield code='a'>0-08-056013-X</subfield></datafield><datafield ind1=' ' ind2=' ' tag='035'><subfield code='a'>(CKB)1000000000547620</subfield></datafield><datafield ind1=' ' ind2=' ' tag='035'><subfield code='a'>(EBL)380948</subfield></datafield><datafield ind1=' ' ind2=' ' tag='035'><subfield code='a'>(OCoLC)437241618</subfield></datafield><datafield ind1=' ' ind2=' ' tag='035'><subfield code='a'>(SSID)ssj0000139185</subfield></datafield><datafield ind1=' ' ind2=' ' tag='035'><subfield code='a'>(PQKBManifestationID)11136597</subfield></datafield><datafield ind1=' ' ind2=' ' tag='035'><subfield code='a'>(PQKBTitleCode)TC0000139185</subfield></datafield><datafield ind1=' ' ind2=' ' tag='035'><subfield code='a'>(PQKBWorkID)10008955</subfield></datafield><datafield ind1=' ' ind2=' ' tag='035'><subfield code='a'>(PQKB)10973445</subfield></datafield><datafield ind1=' ' ind2=' ' tag='035'><subfield code='a'>(MiAaPQ)EBC380948</subfield></datafield><datafield ind1=' ' ind2=' ' tag='035'><subfield code='a'>(EXLCZ)991000000000547620</subfield></datafield><datafield ind1=' ' ind2=' ' tag='040'><subfield code='a'>MiAaPQ</subfield><subfield code='c'>MiAaPQ</subfield><subfield code='d'>MiAaPQ</subfield></datafield><datafield ind1=' ' ind2=' ' tag='041'><subfield code='a'>eng</subfield></datafield><datafield ind1=' ' ind2='4' tag='050'><subfield code='a'>TK5102.9</subfield><subfield code='b'>.B76 2009</subfield></datafield><datafield ind1='0' ind2='0' tag='082'><subfield code='a'>621.3822</subfield></datafield><datafield ind1='1' ind2=' ' tag='100'><subfield code='a'>Broesch, James D.</subfield></datafield><datafield ind1=' ' ind2=' ' tag='210'><subfield code='a'>INSTANT ACCESS </subfield></datafield><datafield ind1=' ' ind2=' ' tag='210'><subfield code='a'>DIGITAL SIGNAL PROCESSING </subfield></datafield><datafield ind1='1' ind2='0' tag='245'><subfield code='a'>Digital signal processing</subfield><subfield code='h'>[electronic resource] :</subfield><subfield code='b'>instant access /</subfield><subfield code='c'>James D. Broesch, Dag Stranneby, William Walker.</subfield></datafield><datafield ind1=' ' ind2=' ' tag='260'><subfield code='a'>Burlington, MA ;</subfield><subfield code='a'>Oxford :</subfield><subfield code='b'>Newnes,</subfield><subfield code='c'>c2009.</subfield></datafield><datafield ind1=' ' ind2=' ' tag='300'><subfield code='a'>1 online resource (164 p.)</subfield></datafield><datafield ind1=' ' ind2=' ' tag='336'><subfield code='a'>text</subfield><subfield code='b'>txt</subfield></datafield><datafield ind1=' ' ind2=' ' tag='337'><subfield code='a'>computer</subfield><subfield code='b'>c</subfield></datafield><datafield ind1=' ' ind2=' ' tag='338'><subfield code='a'>online resource</subfield><subfield code='b'>cr</subfield></datafield><datafield ind1='1' ind2=' ' tag='490'><subfield code='a'>Instant Access</subfield></datafield><datafield ind1=' ' ind2=' ' tag='500'><subfield code='a'>Description based upon print version of record.</subfield></datafield><datafield ind1='0' ind2=' ' tag='505'><subfield code='a'>Front Cover; Digital Signal Processing: Instant Access; Copyright Page; Contents; Chapter 1. Why DSP?; DSP Definitions; The Need for DSP; Learning Digital Signal Processing Techniques; Instant Summary; Chapter 2. The Analog-Digital Interface; Definitions; Sampling and Reconstruction; Quantization; Encoding and Modulation; Number Representation; Digital-to-Analog Conversion; Analog-to-Digital Conversion; Successive Approximation ADCs; Instant Summary; Chapter 3. DSP System General Model; Definitions; The Big Picture; Signal Acquisition; More on Sampling Theory; Sampling Resolution</subfield></datafield><datafield ind1='8' ind2=' ' tag='505'><subfield code='a'>Instant SummaryChapter 4. The Math of DSP; Definitions; Functions; Limits; Integration; Oscillatory Motion; Complex Numbers; Example Applications; Filters; Causality; Convolution; The Fourier Series; Orthogonality; Continuous Functions vs. Discrete Sequences; Orthogonality Continued; Quadrature; Instant Summary; Chapter 5. Transforms; Definitions; Background; The z-Transform and DFT; Application of the DFT; The Fourier Transform; Properties of the Fourier Transform; The Laplace Transform; Fast Fourier Transform (FFT); Instant Summary; Chapter 6. Digital Filters; Definitions; FIR Filters</subfield></datafield><datafield ind1='8' ind2=' ' tag='505'><subfield code='a'>The IIRInstant Summary; Chapter 7. Applications of DSP; Definitions; Measurements and Analysis; Telecommunications; Audio and Television; Household Appliances and Toys; Automotive; Nonlinear Applications; Instant Summary; Chapter 8. Digital Signal Processors; Definitions; System Considerations; Hardware Implementation; Digital Signal Processors versus Microprocessors; The Future; Instant Summary; Glossary; References; Index; A; B; C; D; E; F; G; H; I; L; M; N; O; P; Q; R; S; T; U; V; W; Z</subfield></datafield><datafield ind1=' ' ind2=' ' tag='520'><subfield code='a'>Digital signal processing is commonplace in most electronics including MP3 players, HDTVs, and phones, just to name a few of the applications. The engineers creating these devices are in need of essential information at a moment&apos;s notice. The Instant Access Series provides all the critical content that a signal or communications engineer needs in his or her daily work. This book provides an introduction to DSPs as well as succinct overviews of linear systems, digital filters, and digital compression.  This book is filled with images, figures, tables, and easy to find tips and tricks fo</subfield></datafield><datafield ind1=' ' ind2=' ' tag='546'><subfield code='a'>English</subfield></datafield><datafield ind1=' ' ind2=' ' tag='504'><subfield code='a'>Includes bibliographical references and index.</subfield></datafield><datafield ind1=' ' ind2='0' tag='650'><subfield code='a'>Digital electronics.</subfield></datafield><datafield ind1=' ' ind2='0' tag='650'><subfield code='a'>Signal processing</subfield><subfield code='x'>Digital techniques.</subfield></datafield><datafield ind1=' ' ind2='4' tag='655'><subfield code='a'>Electronic books.</subfield></datafield><datafield ind1='1' ind2=' ' tag='700'><subfield code='a'>Stranneby, Dag.</subfield></datafield><datafield ind1='1' ind2=' ' tag='700'><subfield code='a'>Walker, William.</subfield></datafield><datafield ind1=' ' ind2=' ' tag='776'><subfield code='z'>0-7506-8976-5</subfield></datafield><datafield ind1=' ' ind2='0' tag='830'><subfield code='a'>Instant Access</subfield></datafield><datafield ind1=' ' ind2=' ' tag='906'><subfield code='a'>BOOK</subfield></datafield><datafield ind1=' ' ind2=' ' tag='PRT'><subfield code='a'>53364448210003811</subfield><subfield code='b'>https://sandbox01-na.alma.exlibrisgroup.com/view/uresolver/01TULI_INST/openurl?u.ignore_date_coverage=true&amp;rft.mms_id=991036796055803811</subfield><subfield code='e'>Elsevier ScienceDirect AutoLoad</subfield><subfield code='c'>Elsevier ScienceDirect Books Complete</subfield><subfield code='h'>613840000000000009</subfield><subfield code='8'>53364448210003811</subfield></datafield></record>