
<record xmlns='http://www.loc.gov/MARC21/slim'><leader>03260nam a22004695i 4500</leader><controlfield tag='001'>991036799182503811</controlfield><controlfield tag='005'>20170925233215.0</controlfield><controlfield tag='006'>m     o  d |      </controlfield><controlfield tag='007'>cr -n---------</controlfield><controlfield tag='008'>100609s2009    xxu|    o    |||| 0|eng d</controlfield><datafield ind1=' ' ind2=' ' tag='020'><subfield code='a'>1-280-38362-3</subfield></datafield><datafield ind1=' ' ind2=' ' tag='020'><subfield code='a'>9786613561541</subfield></datafield><datafield ind1='7' ind2=' ' tag='024'><subfield code='a'>10.1007/978-0-387-74535-0</subfield><subfield code='2'>doi</subfield></datafield><datafield ind1=' ' ind2=' ' tag='035'><subfield code='a'>(CKB)2560000000055947</subfield></datafield><datafield ind1=' ' ind2=' ' tag='035'><subfield code='a'>(EBL)972061</subfield></datafield><datafield ind1=' ' ind2=' ' tag='035'><subfield code='a'>(OCoLC)828795169</subfield></datafield><datafield ind1=' ' ind2=' ' tag='035'><subfield code='a'>(SSID)ssj0000449035</subfield></datafield><datafield ind1=' ' ind2=' ' tag='035'><subfield code='a'>(PQKBManifestationID)11299065</subfield></datafield><datafield ind1=' ' ind2=' ' tag='035'><subfield code='a'>(PQKBTitleCode)TC0000449035</subfield></datafield><datafield ind1=' ' ind2=' ' tag='035'><subfield code='a'>(PQKBWorkID)10392338</subfield></datafield><datafield ind1=' ' ind2=' ' tag='035'><subfield code='a'>(PQKB)10375217</subfield></datafield><datafield ind1=' ' ind2=' ' tag='035'><subfield code='a'>(DE-He213)978-0-387-74535-0</subfield></datafield><datafield ind1=' ' ind2=' ' tag='035'><subfield code='a'>(MiAaPQ)EBC972061</subfield></datafield><datafield ind1=' ' ind2=' ' tag='035'><subfield code='a'>(EXLCZ)992560000000055947</subfield></datafield><datafield ind1=' ' ind2=' ' tag='040'><subfield code='a'>MiAaPQ</subfield><subfield code='c'>MiAaPQ</subfield><subfield code='d'>MiAaPQ</subfield></datafield><datafield ind1=' ' ind2=' ' tag='041'><subfield code='a'>eng</subfield></datafield><datafield ind1=' ' ind2='4' tag='050'><subfield code='a'>TK1-9971</subfield></datafield><datafield ind1=' ' ind2='7' tag='072'><subfield code='a'>TJK</subfield><subfield code='2'>bicssc</subfield></datafield><datafield ind1=' ' ind2='7' tag='072'><subfield code='a'>TEC041000</subfield><subfield code='2'>bisacsh</subfield></datafield><datafield ind1='0' ind2='0' tag='082'><subfield code='a'>621.382/2</subfield><subfield code='a'>621.3822</subfield></datafield><datafield ind1='1' ind2=' ' tag='100'><subfield code='a'>Dutoit, Thierry.</subfield><subfield code='e'>author.</subfield></datafield><datafield ind1=' ' ind2=' ' tag='210'><subfield code='a'>APPLIED SIGNAL PROCESSING A MATLAB™-BASED PROOF OF CONCEPT</subfield></datafield><datafield ind1=' ' ind2=' ' tag='210'><subfield code='a'>APPLIED SIGNAL PROCESSING </subfield></datafield><datafield ind1='1' ind2='0' tag='245'><subfield code='a'>Applied Signal Processing</subfield><subfield code='h'>[electronic resource] :</subfield><subfield code='b'>A MATLAB™-Based Proof of Concept /</subfield><subfield code='c'>by Thierry Dutoit, Ferran Marqués.</subfield></datafield><datafield ind1=' ' ind2='1' tag='264'><subfield code='a'>Boston, MA :</subfield><subfield code='b'>Springer US :</subfield><subfield code='b'>Imprint: Springer,</subfield><subfield code='c'>2009.</subfield></datafield><datafield ind1=' ' ind2=' ' tag='300'><subfield code='a'>1 online resource (470 p.)</subfield></datafield><datafield ind1=' ' ind2=' ' tag='336'><subfield code='a'>text</subfield><subfield code='b'>txt</subfield></datafield><datafield ind1=' ' ind2=' ' tag='337'><subfield code='a'>computer</subfield><subfield code='b'>c</subfield></datafield><datafield ind1=' ' ind2=' ' tag='338'><subfield code='a'>online resource</subfield><subfield code='b'>cr</subfield></datafield><datafield ind1=' ' ind2=' ' tag='347'><subfield code='a'>text file</subfield><subfield code='b'>PDF</subfield><subfield code='2'>rda</subfield></datafield><datafield ind1=' ' ind2=' ' tag='500'><subfield code='a'>Description based upon print version of record.</subfield></datafield><datafield ind1=' ' ind2=' ' tag='546'><subfield code='a'>English</subfield></datafield><datafield ind1=' ' ind2=' ' tag='504'><subfield code='a'>Includes bibliographical references and index.</subfield></datafield><datafield ind1='0' ind2=' ' tag='505'><subfield code='a'>How is Speech Processed in a Cell Phone Conversation? -- How are Bits Played Back from and Audio CD? -- How is Sound Processed in a MP3 Player? -- How Does a Dictation Machine Recognize Continuous Speech? -- How Does an Audio Effects Processor Perform Pitch Shifting? -- How Can Marine Biologists Track Sperm Whales in the Oceans? -- How Could Music Contain Hidden Information? -- How are Digital Images Compressed in the Web? -- How Are Digital TV Programs Compressed to Allow Broadcasting? -- How Does Digital Cinema Compress Images? -- How Can Physicians Quantify Brain Degeneration?</subfield></datafield><datafield ind1=' ' ind2=' ' tag='520'><subfield code='a'>This is a project-oriented laboratory book with online supplementary files focused on digital signal processing (DSP) for students, instructors and professionals. The authors provide eleven large and detailed projects which take the reader through the essentials of signal processing applications. Included are MATLAB codes which are fully commented on for developing working proofs of concepts. The accompanying online material together with the text directly integrates theory into practice. The eleven projects include speech coding for cell phones, understanding brain scan imaging, how MP3 players compress the data rate of audio CDs, embedding private information in music without detection, and much more. Applied Signal Processing: A MATLAB™-Based Proof of Concept allows readers to benefit from the experience and expertise of professionals, researchers, and instructors in a variety of applied signal processing related fields, presented in a project framework. It is ideal for lecture and laboratory courses, and the subject matter is compatible for use along with most standard textbooks.</subfield></datafield><datafield ind1=' ' ind2='0' tag='650'><subfield code='a'>Signal processing</subfield><subfield code='x'>Digital techniques.</subfield></datafield><datafield ind1=' ' ind2='0' tag='650'><subfield code='a'>Signal processing</subfield><subfield code='x'>Digital techniques</subfield><subfield code='x'>Mathematics.</subfield></datafield><datafield ind1=' ' ind2='4' tag='655'><subfield code='a'>Electronic books.</subfield></datafield><datafield ind1='0' ind2='0' tag='630'><subfield code='a'>MATLAB.</subfield></datafield><datafield ind1='1' ind2=' ' tag='700'><subfield code='a'>Marqués, Ferran.</subfield><subfield code='e'>author.</subfield></datafield><datafield ind1=' ' ind2=' ' tag='776'><subfield code='z'>0-387-74535-1</subfield></datafield><datafield ind1=' ' ind2=' ' tag='776'><subfield code='z'>0-387-74534-3</subfield></datafield><datafield ind1=' ' ind2=' ' tag='906'><subfield code='a'>BOOK</subfield></datafield><datafield ind1=' ' ind2=' ' tag='PRT'><subfield code='a'>53366313650003811</subfield><subfield code='b'>https://sandbox01-na.alma.exlibrisgroup.com/view/uresolver/01TULI_INST/openurl?u.ignore_date_coverage=true&amp;rft.mms_id=991036799182503811</subfield><subfield code='e'>Springer Link</subfield><subfield code='c'>SpringerLink Books Complete</subfield><subfield code='h'>611000000000001381</subfield><subfield code='8'>53366313650003811</subfield></datafield></record>