
<record xmlns='http://www.loc.gov/MARC21/slim'><leader>01024nam  2200265 a 4500</leader><controlfield tag='001'>991036742917703811</controlfield><controlfield tag='005'>20170815111935.0</controlfield><controlfield tag='006'>m     o  d |      </controlfield><controlfield tag='007'>cr -n---------</controlfield><controlfield tag='008'>070618s2008    ne af   ob    001 0 eng  </controlfield><datafield ind1=' ' ind2=' ' tag='010'><subfield code='z'>  2007025363</subfield></datafield><datafield ind1=' ' ind2=' ' tag='020'><subfield code='a'>6611056963</subfield></datafield><datafield ind1=' ' ind2=' ' tag='020'><subfield code='a'>1-281-05696-0</subfield></datafield><datafield ind1=' ' ind2=' ' tag='020'><subfield code='a'>9786611056964</subfield></datafield><datafield ind1=' ' ind2=' ' tag='020'><subfield code='a'>0-08-055057-6</subfield></datafield><datafield ind1=' ' ind2=' ' tag='035'><subfield code='a'>(CKB)1000000000363954</subfield></datafield><datafield ind1=' ' ind2=' ' tag='035'><subfield code='a'>(EBL)311323</subfield></datafield><datafield ind1=' ' ind2=' ' tag='035'><subfield code='a'>(OCoLC)476097801</subfield></datafield><datafield ind1=' ' ind2=' ' tag='035'><subfield code='a'>(SSID)ssj0000139183</subfield></datafield><datafield ind1=' ' ind2=' ' tag='035'><subfield code='a'>(PQKBManifestationID)11146836</subfield></datafield><datafield ind1=' ' ind2=' ' tag='035'><subfield code='a'>(PQKBTitleCode)TC0000139183</subfield></datafield><datafield ind1=' ' ind2=' ' tag='035'><subfield code='a'>(PQKBWorkID)10011240</subfield></datafield><datafield ind1=' ' ind2=' ' tag='035'><subfield code='a'>(PQKB)10801084</subfield></datafield><datafield ind1=' ' ind2=' ' tag='035'><subfield code='a'>(MiAaPQ)EBC311323</subfield></datafield><datafield ind1=' ' ind2=' ' tag='035'><subfield code='a'>(EXLCZ)991000000000363954</subfield></datafield><datafield ind1=' ' ind2=' ' tag='040'><subfield code='a'>MiAaPQ</subfield><subfield code='c'>MiAaPQ</subfield><subfield code='d'>MiAaPQ</subfield></datafield><datafield ind1=' ' ind2=' ' tag='041'><subfield code='a'>eng</subfield></datafield><datafield ind1=' ' ind2='4' tag='050'><subfield code='a'>TK5102.9</subfield><subfield code='b'>.T36 2008</subfield></datafield><datafield ind1='0' ind2='0' tag='082'><subfield code='a'>621.382/2</subfield><subfield code='a'>621.3822</subfield></datafield><datafield ind1='1' ind2=' ' tag='100'><subfield code='a'>Tan, Li,</subfield><subfield code='d'>1963-</subfield></datafield><datafield ind1='1' ind2='0' tag='245'><subfield code='a'>Digital signal processing</subfield><subfield code='h'>[electronic resource] :</subfield><subfield code='b'>fundamentals and applications /</subfield><subfield code='c'>Li Tan.</subfield></datafield><datafield ind1=' ' ind2=' ' tag='260'><subfield code='a'>Amsterdam ;</subfield><subfield code='a'>Boston :</subfield><subfield code='b'>Academic Press,</subfield><subfield code='c'>c2008.</subfield></datafield><datafield ind1=' ' ind2=' ' tag='300'><subfield code='a'>1 online resource (838 p.)</subfield></datafield><datafield ind1=' ' ind2=' ' tag='336'><subfield code='a'>text</subfield><subfield code='b'>txt</subfield></datafield><datafield ind1=' ' ind2=' ' tag='337'><subfield code='a'>computer</subfield><subfield code='b'>c</subfield></datafield><datafield ind1=' ' ind2=' ' tag='338'><subfield code='a'>online resource</subfield><subfield code='b'>cr</subfield></datafield><datafield ind1=' ' ind2=' ' tag='500'><subfield code='a'>Description based upon print version of record.</subfield></datafield><datafield ind1='0' ind2=' ' tag='505'><subfield code='a'>Front Cover; Digital Signal Processing; Copyright Page; Contents; Preface; About the Author; Chapter 1: Introduction to Digital Signal Processing; Objectives; 1.1 Basic Concepts of Digital Signal Processing; 1.4 Digital Signal Processing Applications; 1.5 Summary; References; Chapter 2: Signal Sampling and Quantization; Objectives; 2.1 Sampling of Continuous Signal; 2.2.2 Practical Considerations for Signal Reconstruction: Anti-Image Filter and Equalizer; 2.3 Analog-to-Digital Conversion, Digital-to-Analog Conversion, and Quantization; 2.4 Summary; 2.5 MATLAB Programs; 2.6 Problems</subfield></datafield><datafield ind1='8' ind2=' ' tag='505'><subfield code='a'>ReferencesChapter 3: Digital Signals and Systems; Objectives; 3.1 Digital Signals; 3.1.2 Generation of Digital Signals; 3.2.2 Time Invariance; 3.2.3 Causality; 3.3 Difference Equations and Impulse Responses; 3.3.1 Format of Difference Equation; 3.4 Bounded-in-and-Bounded-out Stability; 3.5 Digital Convolution; 3.6 Summary; 3.7 Problems; Chapter 4: Discrete Fourier Transform and Signal Spectrum; Objectives; 4.1 Discrete Fourier Transform; 4.2 Amplitude Spectrum and Power Spectrum; 4.5.1 Method of Decimation-in-Frequency; 4.6 Summary; 4.7 Problems; References; Chapter 5: The z-Transform</subfield></datafield><datafield ind1='8' ind2=' ' tag='505'><subfield code='a'>Objectives5.1 Definition; 5.2 Properties of the z-Transform; 5.3 Inverse z-Transform; 5.3.1 Partial Fraction Expansion Using MATLAB; 5.4 Solution of Difference Equations Using the z-Transform; 5.5 Summary; 5.6 Problems; Reference; Chapter 6: Digital Signal Processing Systems, Basic Filtering Types, and Digital Filter Realizations; Objectives; 6.1 The Difference Equation and Digital Filtering; 6.2 Difference Equation and Transfer Function; 6.2.1 Impulse Response, Step Response, and System Response; 6.3 The z-Plane Pole-Zero Plot and Stability; 6.6 Realization of Digital Filters</subfield></datafield><datafield ind1='8' ind2=' ' tag='505'><subfield code='a'>6.6.1 Direct-Form I Realization6.7 Application: Speech Enhancement and Filtering; 6.7.1 Pre-Emphasis of Speech; 6.7.2 Bandpass Filtering of Speech; 6.8 Summary; 6.9 Problems; Reference; Chapter 7: Finite Impulse Response Filter Design; Objectives; 7.1 Finite Impulse Response Filter Format; 7.3 Window Method; 7.4.3 Two-Band Digital Crossover; 7.7 Realization Structures of Finite Impulse Response Filters; 7.7.1 Transversal Form; 7.7.2 Linear Phase Form; 7.9 Summary of Finite Impulse Response (FIR) Design Procedures and Selection of FIR Filter Design Methods in Practice; 7.11 MATLAB Programs</subfield></datafield><datafield ind1='8' ind2=' ' tag='505'><subfield code='a'>7.12 ProblemsReferences; Chapter 8: Infinite Impulse Response Filter Design; Objectives; 8.1 Infinite Impulse Response Filter Format; 8.2.2 Bilinear Transformation and Frequency Warping; 8.2.3 Bilinear Transformation Design Procedure; 8.3 Digital Butterworth and Chebyshev Filter Designs; 8.3.1 Lowpass Prototype Function and Its Order; 8.3.3 Bandpass and Bandstop Filter Design Examples; 8.5 Application: Digital Audio Equalizer; 8.6 Impulse Invariant Design Method; 8.7.2 Second-Order Bandstop (Notch) Filter Design; 8.8 Realization Structures of Infinite Impulse Response Filters</subfield></datafield><datafield ind1='8' ind2=' ' tag='505'><subfield code='a'>8.8.1 Realization of Infinite Impulse Response Filters in Direct-Form I and Direct-Form II</subfield></datafield><datafield ind1=' ' ind2=' ' tag='520'><subfield code='a'>This book will enable electrical engineers and technicians in the fields of the biomedical, computer, and electronics engineering, to master the essential fundamentals of DSP principles and practice. Coverage includes DSP principles, applications, and hardware issues with an emphasis on applications. Many instructive worked examples are used to illustrate the material and the use of mathematics is minimized for easier grasp of concepts.In addition to introducing commercial DSP hardware and software, and industry standards that apply to DSP concepts and algorithms, topics covered include ad</subfield></datafield><datafield ind1=' ' ind2=' ' tag='546'><subfield code='a'>English</subfield></datafield><datafield ind1=' ' ind2=' ' tag='504'><subfield code='a'>Includes bibliographical references (p. [761]-763) and index.</subfield></datafield><datafield ind1=' ' ind2='0' tag='650'><subfield code='a'>Signal processing</subfield><subfield code='x'>Digital techniques.</subfield></datafield><datafield ind1=' ' ind2='4' tag='655'><subfield code='a'>Electronic books.</subfield></datafield><datafield ind1=' ' ind2=' ' tag='776'><subfield code='z'>0-12-374090-8</subfield></datafield><datafield ind1=' ' ind2=' ' tag='906'><subfield code='a'>BOOK</subfield></datafield><datafield ind1=' ' ind2=' ' tag='PRT'><subfield code='a'>53395810590003811</subfield><subfield code='b'>https://sandbox01-na.alma.exlibrisgroup.com/view/uresolver/01TULI_INST/openurl?u.ignore_date_coverage=true&amp;rft.mms_id=991036742917703811</subfield><subfield code='e'>EBSCOhost</subfield><subfield code='c'>EBSCOhost eBook Community College Collection</subfield><subfield code='h'>613860000000000003</subfield><subfield code='8'>53395810590003811</subfield></datafield><datafield ind1=' ' ind2=' ' tag='PRT'><subfield code='a'>53393415800003811</subfield><subfield code='b'>https://sandbox01-na.alma.exlibrisgroup.com/view/uresolver/01TULI_INST/openurl?u.ignore_date_coverage=true&amp;rft.mms_id=991036742917703811</subfield><subfield code='e'>EBSCOhost</subfield><subfield code='c'>EBSCOhost Academic eBook Collection (North America)</subfield><subfield code='h'>613640000000000029</subfield><subfield code='8'>53393415800003811</subfield></datafield><datafield ind1=' ' ind2=' ' tag='PRT'><subfield code='a'>53420556910003811</subfield><subfield code='b'>https://sandbox01-na.alma.exlibrisgroup.com/view/uresolver/01TULI_INST/openurl?u.ignore_date_coverage=true&amp;rft.mms_id=991036742917703811</subfield><subfield code='e'>Ebook Central</subfield><subfield code='c'>Ebook Central Academic Complete</subfield><subfield code='h'>614200000000000002</subfield><subfield code='8'>53420556910003811</subfield></datafield><datafield ind1=' ' ind2=' ' tag='PRT'><subfield code='a'>53404540960003811</subfield><subfield code='b'>https://sandbox01-na.alma.exlibrisgroup.com/view/uresolver/01TULI_INST/openurl?u.ignore_date_coverage=true&amp;rft.mms_id=991036742917703811</subfield><subfield code='e'>EBSCOhost</subfield><subfield code='c'>eBook EngineeringCore Collection</subfield><subfield code='h'>613790000000001573</subfield><subfield code='8'>53404540960003811</subfield></datafield></record>