
<record xmlns='http://www.loc.gov/MARC21/slim'><leader>04468cam a2200517Ia 4500</leader><controlfield tag='005'>20180315191510.0</controlfield><controlfield tag='006'>m        d        </controlfield><controlfield tag='007'>cr cn|</controlfield><controlfield tag='008'>100513s2010    maua    ob    001 0 eng d</controlfield><controlfield tag='001'>991021136579703811</controlfield><datafield ind1=' ' ind2=' ' tag='020'><subfield code='a'>9781856179218</subfield></datafield><datafield ind1=' ' ind2=' ' tag='020'><subfield code='a'>1856179214</subfield></datafield><datafield ind1=' ' ind2=' ' tag='020'><subfield code='a'>9781856179225 (electronic bk.)</subfield></datafield><datafield ind1=' ' ind2=' ' tag='020'><subfield code='a'>1856179222 (electronic bk.)</subfield></datafield><datafield ind1=' ' ind2=' ' tag='035'><subfield code='a'>(PPT)b49822184-01tuli_inst</subfield></datafield><datafield ind1=' ' ind2=' ' tag='035'><subfield code='a'>(OCoLC)613958936</subfield><subfield code='z'>(OCoLC)665817614</subfield></datafield><datafield ind1=' ' ind2=' ' tag='037'><subfield code='a'>1092491:10871811</subfield><subfield code='b'>Elsevier Science &amp; Technology</subfield><subfield code='n'>http://www.sciencedirect.com</subfield></datafield><datafield ind1=' ' ind2=' ' tag='040'><subfield code='a'>OPELS</subfield><subfield code='b'>eng</subfield><subfield code='c'>OPELS</subfield><subfield code='d'>CDX</subfield><subfield code='d'>OCLCQ</subfield><subfield code='d'>N$T</subfield><subfield code='d'>YDXCP</subfield><subfield code='d'>EBLCP</subfield></datafield><datafield ind1=' ' ind2=' ' tag='049'><subfield code='a'>TEUU</subfield></datafield><datafield ind1=' ' ind2='7' tag='072'><subfield code='a'>COM</subfield><subfield code='x'>031000</subfield><subfield code='2'>bisacsh</subfield></datafield><datafield ind1=' ' ind2='7' tag='072'><subfield code='a'>TEC</subfield><subfield code='x'>067000</subfield><subfield code='2'>bisacsh</subfield></datafield><datafield ind1=' ' ind2=' ' tag='090'><subfield code='a'>TK5102.9</subfield><subfield code='b'>.P385 2010eb</subfield></datafield><datafield ind1='1' ind2=' ' tag='100'><subfield code='a'>Parker, Michael,</subfield><subfield code='d'>1963-</subfield></datafield><datafield ind1='1' ind2='0' tag='245'><subfield code='a'>Digital signal processing</subfield><subfield code='h'>[electronic resource] :</subfield><subfield code='b'>everything you need to know to get started /</subfield><subfield code='c'>Michael Parker.</subfield></datafield><datafield ind1=' ' ind2=' ' tag='260'><subfield code='a'>Burlington, MA :</subfield><subfield code='b'>Newnes/Elsevier,</subfield><subfield code='c'>c2010.</subfield></datafield><datafield ind1=' ' ind2=' ' tag='300'><subfield code='a'>1 online resource (x, 275 p.) :</subfield><subfield code='b'>ill.</subfield></datafield><datafield ind1=' ' ind2=' ' tag='520'><subfield code='a'>DSP is utilized in just about every electronic system or device. DSP is taking one piece of information be it data, image, video, or audio, most likely compressing, sending, and filtering it to another location within your application to appear in the form of a document, picture or video. Like Smith before it, this book is different to most on the market by following a popular applied approach to this tricky subject, and will be the perfect starting point for engineers who need to get into DSP from the ground floor. This book starts with the absolute basics of this integral process. No experience is expected and with no prior knowledge taken for granted, a refresher chapter on complex numbers and trigonometry can be found at the very beginning of the material. Real-world worked examples, reference designs, and tools - including online applets that enable readers to visualize key principles - complete a package that will help engineers who that needs to learn anew or refresh their memory on this essential technology as they move to projects that require DSP familiarity. Dismayed when presented with a mass of equations as an explanation of DSP? This is the book for you! Clear examples and a non-mathematical approach gets you up to speed with DSP Includes an overview of the DSP functions and implementation used in typical DSP-intensive applications, including error correction, CDMA mobile communication, and radar systems ̃.</subfield></datafield><datafield ind1='0' ind2=' ' tag='505'><subfield code='a'>Numerical Representation; Complex Numbers and Exponentials; Sampling, Aliasing, and Quantization; Frequency Response; Finite Impulse Response (FIR) Filters; Windowing; Decimation and Interpolation; Infinite Impulse Response (IIR) Filters; Complex Modulation and Demodulation; Discrete and Fast Fourier Transforms (DFT, FFT); Numerically Controlled Oscillators; Digital Up and Down Conversion; Error Corrective Coding; CDMA Modulation and Demodulation; OFDM Modulation and Demodulation; Discrete Cosine Transform (DCT); Video and Image Processing; Video Compression and Decompression; Implementation Using Digital Signal Processors; Implementation Using FPGAs; Design and Debug Methodology Trends; Future Implementation Trends; Q Format Shift with Fractional Multiplication; Evaluation of FIR Design Error Minimization; Laplace Transform; Z Transform.</subfield></datafield><datafield ind1=' ' ind2=' ' tag='500'><subfield code='a'>Includes index.</subfield></datafield><datafield ind1=' ' ind2=' ' tag='504'><subfield code='a'>Includes bibliographical references and index.</subfield></datafield><datafield ind1=' ' ind2=' ' tag='588'><subfield code='a'>Description based on print version record.</subfield></datafield><datafield ind1=' ' ind2=' ' tag='590'><subfield code='a'>Access is available to the Temple Community through use of a networked computer with a Temple IP address.</subfield></datafield><datafield ind1=' ' ind2='0' tag='650'><subfield code='a'>Signal processing</subfield><subfield code='x'>Digital techniques.</subfield></datafield><datafield ind1=' ' ind2='0' tag='655'><subfield code='a'>Electronic books.</subfield></datafield><datafield ind1=' ' ind2='4' tag='650'><subfield code='a'>Digital techniques.</subfield></datafield><datafield ind1=' ' ind2='4' tag='650'><subfield code='a'>Signal processing.</subfield></datafield><datafield ind1=' ' ind2='4' tag='650'><subfield code='a'>Electrical engineering.</subfield></datafield><datafield ind1=' ' ind2='4' tag='650'><subfield code='a'>Engineering.</subfield></datafield><datafield ind1=' ' ind2='7' tag='650'><subfield code='a'>COMPUTERS</subfield><subfield code='x'>Information Theory.</subfield><subfield code='2'>bisacsh</subfield></datafield><datafield ind1=' ' ind2='7' tag='650'><subfield code='a'>TECHNOLOGY &amp; ENGINEERING</subfield><subfield code='x'>Signals &amp; Signal Processing.</subfield><subfield code='2'>bisacsh</subfield></datafield><datafield ind1='2' ind2=' ' tag='710'><subfield code='a'>ScienceDirect (Online service)</subfield></datafield><datafield ind1='0' ind2='8' tag='776'><subfield code='i'>Print version:</subfield><subfield code='a'>Parker, Michael, 1963-</subfield><subfield code='t'>Digital signal processing.</subfield><subfield code='d'>Burlington, MA : Newnes/Elsevier, c2010</subfield><subfield code='z'>9781856179218</subfield><subfield code='z'>1856179214</subfield><subfield code='w'>(DLC)  2010002121</subfield><subfield code='w'>(OCoLC)491935176</subfield></datafield><datafield ind1='4' ind2='0' tag='856'><subfield code='3'>ScienceDirect</subfield><subfield code='z'>Access full text online.</subfield><subfield code='u'>http://libproxy.temple.edu/login?url=http://www.sciencedirect.com/science/book/9781856179218</subfield></datafield><datafield ind1=' ' ind2=' ' tag='907'><subfield code='a'>.b49822184</subfield><subfield code='b'>w    </subfield><subfield code='c'>-</subfield></datafield><datafield ind1=' ' ind2=' ' tag='945'><subfield code='l'>w    </subfield><subfield code='g'>1</subfield></datafield><datafield ind1=' ' ind2=' ' tag='998'><subfield code='b'>1</subfield><subfield code='c'>110925</subfield><subfield code='d'>m</subfield><subfield code='e'>@</subfield><subfield code='f'>-</subfield><subfield code='g'>0</subfield></datafield><datafield ind1=' ' ind2=' ' tag='ADM'><subfield code='b'>2018-03-15 23:15:10</subfield><subfield code='e'>b49822184-01tuli_inst</subfield><subfield code='d'>ILS</subfield><subfield code='a'>2017-06-20 06:54:08</subfield><subfield code='c'>false</subfield></datafield><datafield ind1=' ' ind2=' ' tag='PRT'><subfield code='a'>53375447220003811</subfield><subfield code='b'>https://sandbox01-na.alma.exlibrisgroup.com/view/uresolver/01TULI_INST/openurl?u.ignore_date_coverage=true&amp;rft.mms_id=991021136579703811</subfield><subfield code='f'>Access full text online.</subfield><subfield code='9'>Available</subfield><subfield code='d'>MAIN</subfield><subfield code='c'>ScienceDirect</subfield><subfield code='8'>53375447220003811</subfield></datafield></record>