
<record xmlns='http://www.loc.gov/MARC21/slim'><leader>01028nam  2200265Ia 4500</leader><controlfield tag='001'>991036792446203811</controlfield><controlfield tag='005'>20170815122150.0</controlfield><controlfield tag='006'>m     o  d |      </controlfield><controlfield tag='007'>cr -n---------</controlfield><controlfield tag='008'>050603s2005    enka    ob    001 0 eng d</controlfield><datafield ind1=' ' ind2=' ' tag='020'><subfield code='a'>1-280-36230-8</subfield></datafield><datafield ind1=' ' ind2=' ' tag='020'><subfield code='a'>9786610362301</subfield></datafield><datafield ind1=' ' ind2=' ' tag='020'><subfield code='a'>0-470-03400-9</subfield></datafield><datafield ind1=' ' ind2=' ' tag='020'><subfield code='a'>1-60119-375-0</subfield></datafield><datafield ind1=' ' ind2=' ' tag='020'><subfield code='a'>0-470-03287-1</subfield></datafield><datafield ind1=' ' ind2=' ' tag='035'><subfield code='a'>(CKB)1000000000239283</subfield></datafield><datafield ind1=' ' ind2=' ' tag='035'><subfield code='a'>(EBL)253844</subfield></datafield><datafield ind1=' ' ind2=' ' tag='035'><subfield code='a'>(OCoLC)65175608</subfield></datafield><datafield ind1=' ' ind2=' ' tag='035'><subfield code='a'>(SSID)ssj0000071744</subfield></datafield><datafield ind1=' ' ind2=' ' tag='035'><subfield code='a'>(PQKBManifestationID)11123272</subfield></datafield><datafield ind1=' ' ind2=' ' tag='035'><subfield code='a'>(PQKBTitleCode)TC0000071744</subfield></datafield><datafield ind1=' ' ind2=' ' tag='035'><subfield code='a'>(PQKBWorkID)10090854</subfield></datafield><datafield ind1=' ' ind2=' ' tag='035'><subfield code='a'>(PQKB)10248168</subfield></datafield><datafield ind1=' ' ind2=' ' tag='035'><subfield code='a'>(MiAaPQ)EBC253844</subfield></datafield><datafield ind1=' ' ind2=' ' tag='035'><subfield code='a'>(EXLCZ)991000000000239283</subfield></datafield><datafield ind1=' ' ind2=' ' tag='040'><subfield code='a'>MiAaPQ</subfield><subfield code='c'>MiAaPQ</subfield><subfield code='d'>MiAaPQ</subfield></datafield><datafield ind1=' ' ind2=' ' tag='041'><subfield code='a'>eng</subfield></datafield><datafield ind1=' ' ind2='4' tag='050'><subfield code='a'>TK5102.5</subfield><subfield code='b'>.R334 2005</subfield></datafield><datafield ind1='0' ind2='0' tag='082'><subfield code='a'>621.382/2</subfield><subfield code='a'>621.3822</subfield></datafield><datafield ind1='1' ind2=' ' tag='100'><subfield code='a'>Rangarao, Kaluri.</subfield></datafield><datafield ind1='1' ind2='0' tag='245'><subfield code='a'>Digital signal processing</subfield><subfield code='h'>[electronic resource] :</subfield><subfield code='b'>a practitioner&apos;s approach /</subfield><subfield code='c'>Kaluri Venkata Rangarao, Ranjan K Mallik.</subfield></datafield><datafield ind1=' ' ind2=' ' tag='260'><subfield code='a'>Chichester, England ;</subfield><subfield code='a'>Hoboken, NJ :</subfield><subfield code='b'>John Wiley,</subfield><subfield code='c'>c2005.</subfield></datafield><datafield ind1=' ' ind2=' ' tag='300'><subfield code='a'>1 online resource (211 p.)</subfield></datafield><datafield ind1=' ' ind2=' ' tag='336'><subfield code='a'>text</subfield><subfield code='b'>txt</subfield></datafield><datafield ind1=' ' ind2=' ' tag='337'><subfield code='a'>computer</subfield><subfield code='b'>c</subfield></datafield><datafield ind1=' ' ind2=' ' tag='338'><subfield code='a'>online resource</subfield><subfield code='b'>cr</subfield></datafield><datafield ind1=' ' ind2=' ' tag='500'><subfield code='a'>Description based upon print version of record.</subfield></datafield><datafield ind1='0' ind2=' ' tag='505'><subfield code='a'>Digital Signal Processing; Contents; Foreword; Preface; Acknowledgements; 1 Processing of Signals; 1.1 Organisation of the Book; 1.2 Classification of Signals; 1.2.1 Spectral Domain; 1.2.2 Random Signals; 1.2.3 Periodic Signals; 1.3 Transformations; 1.3.1 Laplace and Fourier Transforms; 1.3.2 The z-Transform and the Discrete Fourier Transform; 1.3.3 An Interesting Note; 1.4 Signal Characterisation; 1.4.1 Non-parametric Spectrum or Fourier Spectrum; 1.4.2 Parametric Representation; 1.5 Converting Analogue Signals to Digital; 1.5.1 Windowing; 1.5.2 Sampling; 1.5.3 Quantisation</subfield></datafield><datafield ind1='8' ind2=' ' tag='505'><subfield code='a'>1.5.4 Noise Power1.6 Signal Seen by the Computing Engine; 1.6.1 Mitigating the Problems; 1.6.2 Anatomy of a Converter; 1.6.3 The Need for Normalised Frequency; 1.6.4 Care before Sampling; 1.7 It Is Only Numbers; 1.7.1 Numerical Methods; 1.8 Summary; References; 2 Revisiting the Basics; 2.1 Linearity; 2.1.1 Linear Systems; 2.1.2 Sinusoidal Inputs; 2.1.3 Stability; 2.1.4 Shift Invariance; 2.1.5 Impulse Response; 2.1.6 Decomposing h(k); 2.2 Linear System Representation; 2.2.1 Continuous to Discrete; 2.2.2 Nomenclature; 2.2.3 Difference Equations; 2.2.4 Transfer Function</subfield></datafield><datafield ind1='8' ind2=' ' tag='505'><subfield code='a'>2.2.5 Pole-Zero Representation2.2.6 Continuous to Discrete Domain; 2.2.7 State Space Representation; 2.2.8 Solution of Linear Difference Equations; 2.3 Random Variables; 2.3.1 Functions of a Random Variable; 2.3.2 Reliability of Systems; 2.4 Noise; 2.4.1 Noise Generation; 2.4.2 Fourier Transform and pdf of Noise; 2.5 Propagation of Noise in Linear Systems; 2.5.1 Linear System Driven by Arbitrary Noise; 2.6 Multivariate Functions; 2.6.1 Vectors of More Than Two Dimensions; 2.6.2 Functions of Several Variables; 2.6.3 System of Equations; 2.7 Number Systems; 2.7.1 Representation of Numbers</subfield></datafield><datafield ind1='8' ind2=' ' tag='505'><subfield code='a'>2.7.2 Fixed-Point Numbers2.7.3 Floating-Point Numbers; 2.8 Summary; References; 3 Digital Filters; 3.1 How to Specify a Filter; 3.2 Moving-Average Filters; 3.2.1 Area under a Curve; 3.2.2 Mean of a Given Sequence; 3.2.3 Mean over a Fixed Number of Samples; 3.2.4 Linear Phase Filters; 3.2.5 MA Filter with Complex Coefficients; 3.3 Infinite Sequence Generation; 3.3.1 Digital Counter; 3.3.2 Noise Sequence; 3.3.3 Numerically Controlled Oscillator; 3.4 Unity-Gain Narrowband Filter; 3.5 All-Pass Filter; 3.5.1 Interpolation of Data Using an APF; 3.5.2 Delay Estimation Using an APF; 3.6 Notch Filter</subfield></datafield><datafield ind1='8' ind2=' ' tag='505'><subfield code='a'>3.6.1 Overview3.7 Other Autoregressive Filters; 3.8 Adaptive Filters; 3.8.1 Varying r; 3.8.2 Varying p; 3.8.3 Criteria; 3.8.4 Adaptation; 3.9 Demodulating via Adaptive Filters; 3.9.1 Demodulation Method; 3.9.2 Step Size μ; 3.9.3 Performance; 3.10 Phase Shift via Adaptive Filter; 3.11 Inverse Problems; 3.11.1 Model Order Problem; 3.11.2 Estimating Filter Coefficients; 3.11.3 Target Tracking as an Inverse Problem; 3.12 Kalman Filter; 3.12.1 Estimating the Rate; 3.12.2 Fitting a Sine Curve; 3.12.3 Sampling in Space; 3.13 Summary; References; 4 Fourier Transform and Signal Spectrum</subfield></datafield><datafield ind1='8' ind2=' ' tag='505'><subfield code='a'>4.1 Heterodyne Spectrum Analyser</subfield></datafield><datafield ind1=' ' ind2=' ' tag='520'><subfield code='a'>Digital signal processing is essential for improving the accuracy and reliability of a range of engineering systems, including communications, networking, and audio and video applications. Using a combination of programming and mathematical techniques, it clarifies, or standardizes the levels or states of a signal, in order to meet the demands of designing high performance digital hardware. Written by authors with a wealth of practical experience working with digital signal processing, this text is an excellent step-by-step guide for practitioners and researchers needing to understand and qu</subfield></datafield><datafield ind1=' ' ind2=' ' tag='546'><subfield code='a'>English</subfield></datafield><datafield ind1=' ' ind2=' ' tag='504'><subfield code='a'>Includes bibliographical references and index.</subfield></datafield><datafield ind1=' ' ind2='0' tag='650'><subfield code='a'>Signal processing</subfield><subfield code='x'>Digital techniques.</subfield></datafield><datafield ind1=' ' ind2='0' tag='650'><subfield code='a'>Data transmission systems.</subfield></datafield><datafield ind1=' ' ind2='4' tag='655'><subfield code='a'>Electronic books.</subfield></datafield><datafield ind1=' ' ind2=' ' tag='776'><subfield code='z'>0-470-01769-4</subfield></datafield><datafield ind1='1' ind2=' ' tag='700'><subfield code='a'>Mallik, Ranjan K.</subfield></datafield><datafield ind1=' ' ind2=' ' tag='906'><subfield code='a'>BOOK</subfield></datafield><datafield ind1=' ' ind2=' ' tag='ADM'><subfield code='b'>2017-11-17 00:35:07</subfield><subfield code='e'>991000000000239283</subfield><subfield code='d'>NON_SFX</subfield><subfield code='f'>20160804032651.0</subfield><subfield code='a'>2012-02-25 21:50:22</subfield><subfield code='c'>false</subfield></datafield><datafield ind1=' ' ind2=' ' tag='PRT'><subfield code='a'>53363272450003811</subfield><subfield code='b'>https://sandbox01-na.alma.exlibrisgroup.com/view/uresolver/01TULI_INST/openurl?u.ignore_date_coverage=true&amp;rft.mms_id=991036792446203811</subfield><subfield code='e'>Wiley Online Library</subfield><subfield code='9'>Available</subfield><subfield code='c'>Wiley Online Library UBCM all Online Books</subfield><subfield code='h'>613800000000000218</subfield><subfield code='8'>53363272450003811</subfield></datafield></record>