
<record xmlns='http://www.loc.gov/MARC21/slim'><leader>03009cam a2200577Ia 4500</leader><controlfield tag='005'>20150320070741.3</controlfield><controlfield tag='006'>m     o  d        </controlfield><controlfield tag='007'>cr cn|||||||||</controlfield><controlfield tag='008'>100722s2009    nyua    ob    001 0 eng d</controlfield><controlfield tag='001'>991020727679703811</controlfield><datafield ind1=' ' ind2=' ' tag='020'><subfield code='a'>9780387745350</subfield></datafield><datafield ind1=' ' ind2=' ' tag='020'><subfield code='a'>0387745351</subfield></datafield><datafield ind1=' ' ind2=' ' tag='020'><subfield code='z'>9780387745343 (pbk.)</subfield></datafield><datafield ind1=' ' ind2=' ' tag='020'><subfield code='z'>0387745343 (pbk.)</subfield></datafield><datafield ind1='7' ind2=' ' tag='024'><subfield code='a'>10.1007/978-0-387-74535-0</subfield><subfield code='2'>doi</subfield></datafield><datafield ind1=' ' ind2=' ' tag='035'><subfield code='a'>(PPT)b49732158-01tuli_inst</subfield></datafield><datafield ind1=' ' ind2=' ' tag='035'><subfield code='a'>(OCoLC)649692443</subfield><subfield code='z'>(OCoLC)642354778</subfield><subfield code='z'>(OCoLC)649914117</subfield><subfield code='z'>(OCoLC)746951128</subfield></datafield><datafield ind1=' ' ind2=' ' tag='037'><subfield code='a'>978-0-387-74534-3</subfield><subfield code='b'>Springer</subfield><subfield code='n'>http://www.springerlink.com</subfield></datafield><datafield ind1=' ' ind2=' ' tag='040'><subfield code='a'>GW5XE</subfield><subfield code='b'>eng</subfield><subfield code='e'>pn</subfield><subfield code='c'>GW5XE</subfield><subfield code='d'>COP</subfield><subfield code='d'>OCLCQ</subfield><subfield code='d'>E7B</subfield><subfield code='d'>ISOBC</subfield><subfield code='d'>YDXCP</subfield><subfield code='d'>OCLCQ</subfield><subfield code='d'>A7U</subfield><subfield code='d'>OCLCQ</subfield><subfield code='d'>OCLCF</subfield><subfield code='d'>BEDGE</subfield><subfield code='d'>OCLCQ</subfield><subfield code='d'>COO</subfield></datafield><datafield ind1=' ' ind2=' ' tag='049'><subfield code='a'>TEUU</subfield></datafield><datafield ind1=' ' ind2=' ' tag='090'><subfield code='a'>TK5102.9</subfield><subfield code='b'>.D88 2009</subfield></datafield><datafield ind1='1' ind2=' ' tag='100'><subfield code='a'>Dutoit, Thierry.</subfield></datafield><datafield ind1='1' ind2='0' tag='245'><subfield code='a'>Applied signal processing</subfield><subfield code='h'>[electronic resource] :</subfield><subfield code='b'>a MATLAB-based proof of concept /</subfield><subfield code='c'>Thierry Dutoit, Ferran Marqués.</subfield></datafield><datafield ind1=' ' ind2=' ' tag='260'><subfield code='a'>New York :</subfield><subfield code='b'>Springer,</subfield><subfield code='c'>©2009.</subfield></datafield><datafield ind1=' ' ind2=' ' tag='300'><subfield code='a'>1 online resource (xxiv, 454 pages) :</subfield><subfield code='b'>illustrations</subfield></datafield><datafield ind1=' ' ind2=' ' tag='336'><subfield code='a'>text</subfield><subfield code='b'>txt</subfield><subfield code='2'>rdacontent</subfield></datafield><datafield ind1=' ' ind2=' ' tag='337'><subfield code='a'>computer</subfield><subfield code='b'>c</subfield><subfield code='2'>rdamedia</subfield></datafield><datafield ind1=' ' ind2=' ' tag='338'><subfield code='a'>online resource</subfield><subfield code='b'>cr</subfield><subfield code='2'>rdacarrier</subfield></datafield><datafield ind1=' ' ind2=' ' tag='500'><subfield code='a'>CD-ROM.</subfield></datafield><datafield ind1=' ' ind2=' ' tag='504'><subfield code='a'>Includes bibliographical references and index.</subfield></datafield><datafield ind1='0' ind2=' ' tag='505'><subfield code='a'>How is speech processed in a cell phone conversation? -- How are bits played back from an audio CD? -- How is sound processed in an MP3 player? -- How does a dictation machine recognize speech? -- How does an audio effects processor perform pitch shifting? -- How can marine biologists track sperm whales in the oceans? -- How could music contain hidden information? -- How are digital images compressed in the web? -- How are digital TV programs compressed to allow broadcasting? -- How does digital cinema compress images? -- How can physicians quantify brain degeneration?</subfield></datafield><datafield ind1=' ' ind2=' ' tag='588'><subfield code='a'>Description based on print version record.</subfield></datafield><datafield ind1=' ' ind2=' ' tag='590'><subfield code='a'>Access is available to the Temple Community through use of a networked computer with a Temple IP address.</subfield></datafield><datafield ind1='0' ind2='0' tag='630'><subfield code='a'>MATLAB.</subfield></datafield><datafield ind1='0' ind2='7' tag='630'><subfield code='a'>MATLAB.</subfield><subfield code='2'>fast</subfield><subfield code='0'>(OCoLC)fst01365096</subfield></datafield><datafield ind1=' ' ind2='0' tag='650'><subfield code='a'>Signal processing</subfield><subfield code='x'>Digital techniques.</subfield></datafield><datafield ind1=' ' ind2='0' tag='650'><subfield code='a'>Signal processing</subfield><subfield code='x'>Digital techniques</subfield><subfield code='x'>Mathematics.</subfield></datafield><datafield ind1=' ' ind2='7' tag='650'><subfield code='a'>Ingénierie.</subfield><subfield code='2'>eclas</subfield></datafield><datafield ind1=' ' ind2='7' tag='650'><subfield code='a'>Signal processing</subfield><subfield code='x'>Digital techniques.</subfield><subfield code='2'>fast</subfield><subfield code='0'>(OCoLC)fst01118285</subfield></datafield><datafield ind1=' ' ind2='7' tag='650'><subfield code='a'>Signal processing</subfield><subfield code='x'>Digital techniques</subfield><subfield code='x'>Mathematics.</subfield><subfield code='2'>fast</subfield><subfield code='0'>(OCoLC)fst01118294</subfield></datafield><datafield ind1=' ' ind2='4' tag='655'><subfield code='a'>Electronic books.</subfield></datafield><datafield ind1=' ' ind2='7' tag='655'><subfield code='a'>Electronic books.</subfield><subfield code='2'>local</subfield></datafield><datafield ind1='1' ind2=' ' tag='700'><subfield code='a'>Marques, Ferran.</subfield></datafield><datafield ind1='2' ind2=' ' tag='710'><subfield code='a'>SpringerLink (Online service)</subfield></datafield><datafield ind1='0' ind2='8' tag='776'><subfield code='i'>Print version:</subfield><subfield code='a'>Dutoit, Thierry.</subfield><subfield code='t'>Applied signal processing.</subfield><subfield code='d'>New York : Springer, ©2009</subfield><subfield code='z'>9780387745343</subfield><subfield code='z'>0387745343</subfield><subfield code='w'>(DLC)  2008939860</subfield><subfield code='w'>(OCoLC)172979476</subfield></datafield><datafield ind1='4' ind2='0' tag='856'><subfield code='z'>Access full text online.</subfield><subfield code='u'>http://libproxy.temple.edu/login?url=http://link.springer.com/10.1007/978-0-387-74535-0</subfield></datafield><datafield ind1=' ' ind2=' ' tag='907'><subfield code='a'>.b49732158</subfield><subfield code='b'>w    </subfield><subfield code='c'>-</subfield></datafield><datafield ind1=' ' ind2=' ' tag='902'><subfield code='a'>170601</subfield></datafield><datafield ind1=' ' ind2=' ' tag='998'><subfield code='b'>0</subfield><subfield code='c'>110925</subfield><subfield code='d'>m</subfield><subfield code='e'>@</subfield><subfield code='f'>-</subfield><subfield code='g'>0</subfield></datafield><datafield ind1=' ' ind2=' ' tag='902'><subfield code='a'>SpringerLink 2015-09-30</subfield></datafield><datafield ind1=' ' ind2=' ' tag='945'><subfield code='l'>w    </subfield><subfield code='g'>1</subfield></datafield><datafield ind1=' ' ind2=' ' tag='ADM'><subfield code='e'>b49732158-01tuli_inst</subfield><subfield code='d'>ILS</subfield><subfield code='a'>2017-06-20 12:38:53</subfield><subfield code='c'>false</subfield></datafield><datafield ind1=' ' ind2=' ' tag='PRT'><subfield code='a'>53374561470003811</subfield><subfield code='b'>https://sandbox01-na.alma.exlibrisgroup.com/view/uresolver/01TULI_INST/openurl?u.ignore_date_coverage=true&amp;rft.mms_id=991020727679703811</subfield><subfield code='f'>Access full text online.</subfield><subfield code='9'>Available</subfield><subfield code='d'>MAIN</subfield><subfield code='c'>SpringerLink Ebooks</subfield><subfield code='8'>53374561470003811</subfield></datafield></record>