
<record xmlns='http://www.loc.gov/MARC21/slim'><leader>01782nam  2200301 a 4500</leader><controlfield tag='001'>991036792294003811</controlfield><controlfield tag='005'>20170815160805.0</controlfield><controlfield tag='006'>m     o  d |      </controlfield><controlfield tag='007'>cr -n---------</controlfield><controlfield tag='008'>120409s2012    njua    ob    001 0 eng d</controlfield><datafield ind1=' ' ind2=' ' tag='010'><subfield code='z'>  2012008107</subfield></datafield><datafield ind1=' ' ind2=' ' tag='020'><subfield code='a'>1-283-80405-0</subfield></datafield><datafield ind1=' ' ind2=' ' tag='020'><subfield code='a'>1-118-39350-3</subfield></datafield><datafield ind1=' ' ind2=' ' tag='035'><subfield code='a'>(CKB)2670000000278681</subfield></datafield><datafield ind1=' ' ind2=' ' tag='035'><subfield code='a'>(EBL)875896</subfield></datafield><datafield ind1=' ' ind2=' ' tag='035'><subfield code='a'>(OCoLC)818854010</subfield></datafield><datafield ind1=' ' ind2=' ' tag='035'><subfield code='a'>(SSID)ssj0000779981</subfield></datafield><datafield ind1=' ' ind2=' ' tag='035'><subfield code='a'>(PQKBManifestationID)11394223</subfield></datafield><datafield ind1=' ' ind2=' ' tag='035'><subfield code='a'>(PQKBTitleCode)TC0000779981</subfield></datafield><datafield ind1=' ' ind2=' ' tag='035'><subfield code='a'>(PQKBWorkID)10785586</subfield></datafield><datafield ind1=' ' ind2=' ' tag='035'><subfield code='a'>(PQKB)10397254</subfield></datafield><datafield ind1=' ' ind2=' ' tag='035'><subfield code='a'>(MiAaPQ)EBC875896</subfield></datafield><datafield ind1=' ' ind2=' ' tag='035'><subfield code='a'>(EXLCZ)992670000000278681</subfield></datafield><datafield ind1=' ' ind2=' ' tag='040'><subfield code='a'>MiAaPQ</subfield><subfield code='c'>MiAaPQ</subfield><subfield code='d'>MiAaPQ</subfield></datafield><datafield ind1=' ' ind2=' ' tag='041'><subfield code='a'>eng</subfield></datafield><datafield ind1=' ' ind2='4' tag='050'><subfield code='a'>TK7881.4</subfield><subfield code='b'>.L485 2012</subfield></datafield><datafield ind1='0' ind2='0' tag='082'><subfield code='a'>006.45</subfield><subfield code='a'>621.3822</subfield></datafield><datafield ind1='1' ind2=' ' tag='100'><subfield code='a'>Lerch, Alexander.</subfield></datafield><datafield ind1='1' ind2='3' tag='245'><subfield code='a'>An introduction to audio content analysis</subfield><subfield code='h'>[electronic resource] :</subfield><subfield code='b'>applications in signal processing and music informatics /</subfield><subfield code='c'>Alexander Lerch.</subfield></datafield><datafield ind1=' ' ind2=' ' tag='260'><subfield code='a'>Hoboken, N.J. :</subfield><subfield code='b'>Wiley,</subfield><subfield code='c'>c2012.</subfield></datafield><datafield ind1=' ' ind2=' ' tag='300'><subfield code='a'>1 online resource (272 p.)</subfield></datafield><datafield ind1=' ' ind2=' ' tag='336'><subfield code='a'>text</subfield><subfield code='b'>txt</subfield></datafield><datafield ind1=' ' ind2=' ' tag='337'><subfield code='a'>computer</subfield><subfield code='b'>c</subfield></datafield><datafield ind1=' ' ind2=' ' tag='338'><subfield code='a'>online resource</subfield><subfield code='b'>cr</subfield></datafield><datafield ind1=' ' ind2=' ' tag='500'><subfield code='a'>Description based upon print version of record.</subfield></datafield><datafield ind1='0' ind2=' ' tag='505'><subfield code='a'>An Introduction to Audio Content Analysis: Applications in Signal Processing and Music Informatics; CONTENTS; Preface; Acronyms; List of Symbols; 1 Introduction; 1.1 Audio Content; 1.2 A Generalized Audio Content Analysis System; 2 Fundamentals; 2.1 Audio Signals; 2.1.1 Periodic Signals; 2.1.2 Random Signals; 2.1.3 Sampling and Quantization; 2.1.4 Statistical Signal Description; 2.2 Signal Processing; 2.2.1 Convolution; 2.2.2 Block-Based Processing; 2.2.3 Fourier Transform; 2.2.4 Constant Q Transform; 2.2.5 Auditory Filterbanks; 2.2.6 Correlation Function; 2.2.7 Linear Prediction</subfield></datafield><datafield ind1='8' ind2=' ' tag='505'><subfield code='a'>3 Instantaneous Features3.1 Audio Pre-Processing; 3.1.1 Down-Mixing; 3.1.2 DC Removal; 3.1.3 Normalization; 3.1.4 Down-Sampling; 3.1.5 Other Pre-Processing Options; 3.2 Statistical Properties; 3.2.1 Arithmetic Mean; 3.2.2 Geometric Mean; 3.2.3 Harmonic Mean; 3.2.4 Generalized Mean; 3.2.5 Centroid; 3.2.6 Variance and Standard Deviation; 3.2.7 Skewness; 3.2.8 Kurtosis; 3.2.9 Generalized Central Moments; 3.2.10 Quantiles and Quantile Ranges; 3.3 Spectral Shape; 3.3.1 Spectral Rolloff; 3.3.2 Spectral Flux; 3.3.3 Spectral Centroid; 3.3.4 Spectral Spread; 3.3.5 Spectral Decrease</subfield></datafield><datafield ind1='8' ind2=' ' tag='505'><subfield code='a'>3.3.6 Spectral Slope3.3.7 Mel Frequency Cepstral Coefficients; 3.4 Signal Properties; 3.4.1 Tonalness; 3.4.2 Autocorrelation Coefficients; 3.4.3 Zero Crossing Rate; 3.5 Feature Post-Processing; 3.5.1 Derived Features; 3.5.2 Normalization and Mapping; 3.5.3 Subfeatures; 3.5.4 Feature Dimensionality Reduction; 4 Intensity; 4.1 Human Perception of Intensity and Loudness; 4.2 Representation of Dynamics in Music; 4.3 Features; 4.3.1 Root Mean Square; 4.3.2 Peak Envelope; 4.3.3 Psycho-Acoustic Loudness Features; 5 Tonal Analysis; 5.1 Human Perception of Pitch; 5.1.1 Pitch Scales</subfield></datafield><datafield ind1='8' ind2=' ' tag='505'><subfield code='a'>5.1.2 Chroma Perception5.2 Representation of Pitch in Music; 5.2.1 Pitch Classes and Names; 5.2.2 Intervals; 5.2.3 Root Note, Mode, and Key; 5.2.4 Chords and Harmony; 5.2.5 The Frequency of Musical Pitch; 5.3 Fundamental Frequency Detection; 5.3.1 Detection Accuracy; 5.3.2 Pre-Processing; 5.3.3 Monophonie Input Signals; 5.3.4 Polyphonic Input Signals; 5.4 Tuning Frequency Estimation; 5.5 Key Detection; 5.5.1 Pitch Chroma; 5.5.2 Key Recognition; 5.6 Chord Recognition; 6 Temporal Analysis; 6.1 Human Perception of Temporal Events; 6.1.1 Onsets; 6.1.2 Tempo and Meter; 6.1.3 Rhythm; 6.1.4 Timing</subfield></datafield><datafield ind1='8' ind2=' ' tag='505'><subfield code='a'>6.2 Representation of Temporal Events in Music6.2.1 Tempo and Time Signature; 6.2.2 Note Value; 6.3 Onset Detection; 6.3.1 Novelty Function; 6.3.2 Peak Picking; 6.3.3 Evaluation; 6.4 Beat Histogram; 6.4.1 Beat Histogram Features; 6.5 Detection of Tempo and Beat Phase; 6.6 Detection of Meter and Downbeat; 7 Alignment; 7.1 Dynamic Time Warping; 7.1.1 Example; 7.1.2 Common Variants; 7.1.3 Optimizations; 7.2 Audio-to-Audio Alignment; 7.2.1 Ground Truth Data for Evaluation; 7.3 Audio-to-Score Alignment; 7.3.1 Real-Time Systems; 7.3.2 Non-Real-Time Systems; 8 Musical Genre, Similarity, and Mood</subfield></datafield><datafield ind1='8' ind2=' ' tag='505'><subfield code='a'>8.1 Musical Genre Classification</subfield></datafield><datafield ind1=' ' ind2=' ' tag='546'><subfield code='a'>English</subfield></datafield><datafield ind1=' ' ind2=' ' tag='520'><subfield code='a'>&quot;With the proliferation of digital audio distribution over digital media, audio content analysis is fast becoming a requirement for designers of intelligent signal-adaptive audio processing systems. Written by a well-known expert in the field, this book provides quick access to different analysis algorithms and allows comparison between different approaches to the same task, making it useful for newcomers to audio signal processing and industry experts alike. A review of relevant fundamentals in audio signal processing, psychoacoustics, and music theory, as well as downloadable MATLAB files are also included&quot;--</subfield><subfield code='c'>Provided by publisher.</subfield></datafield><datafield ind1=' ' ind2=' ' tag='504'><subfield code='a'>Includes bibliographical references and index.</subfield></datafield><datafield ind1=' ' ind2='0' tag='650'><subfield code='a'>Computer sound processing.</subfield></datafield><datafield ind1=' ' ind2='0' tag='650'><subfield code='a'>Computational auditory scene analysis.</subfield></datafield><datafield ind1=' ' ind2='0' tag='650'><subfield code='a'>Content analysis (Communication)</subfield><subfield code='x'>Data processing.</subfield></datafield><datafield ind1=' ' ind2='4' tag='655'><subfield code='a'>Electronic books.</subfield></datafield><datafield ind1=' ' ind2=' ' tag='776'><subfield code='z'>1-118-39355-4</subfield></datafield><datafield ind1=' ' ind2=' ' tag='776'><subfield code='z'>1-118-26682-X</subfield></datafield><datafield ind1=' ' ind2=' ' tag='906'><subfield code='a'>BOOK</subfield></datafield><datafield ind1=' ' ind2=' ' tag='ADM'><subfield code='b'>2017-11-29 12:36:10</subfield><subfield code='e'>992670000000278681</subfield><subfield code='d'>NON_SFX</subfield><subfield code='f'>20160804032651.0</subfield><subfield code='a'>2012-12-09 07:17:33</subfield><subfield code='c'>false</subfield></datafield><datafield ind1=' ' ind2=' ' tag='PRT'><subfield code='a'>53363219740003811</subfield><subfield code='b'>https://sandbox01-na.alma.exlibrisgroup.com/view/uresolver/01TULI_INST/openurl?u.ignore_date_coverage=true&amp;rft.mms_id=991036792294003811</subfield><subfield code='e'>Wiley Online Library</subfield><subfield code='9'>Available</subfield><subfield code='c'>Wiley Online Library UBCM all Online Books</subfield><subfield code='h'>613800000000000218</subfield><subfield code='8'>53363219740003811</subfield></datafield></record>