
<record xmlns='http://www.loc.gov/MARC21/slim'><leader>01272nam a2200361 a 4500</leader><controlfield tag='005'>20170825184629.0</controlfield><controlfield tag='008'>990819s1998    maua     b    001 0 eng  </controlfield><controlfield tag='001'>991005319679703811</controlfield><datafield ind1=' ' ind2=' ' tag='010'><subfield code='a'>98038805</subfield></datafield><datafield ind1=' ' ind2=' ' tag='020'><subfield code='a'>0792382919 (alk. paper)</subfield></datafield><datafield ind1=' ' ind2=' ' tag='035'><subfield code='a'>(PPT)b1919903x-01tuli_inst</subfield></datafield><datafield ind1=' ' ind2=' ' tag='035'><subfield code='a'>(CStRLIN)ocn475698658</subfield><subfield code='9'>ExL</subfield></datafield><datafield ind1=' ' ind2=' ' tag='035'><subfield code='a'>PATG99-B7461</subfield></datafield><datafield ind1=' ' ind2=' ' tag='035'><subfield code='a'>ocm39655048</subfield></datafield><datafield ind1=' ' ind2=' ' tag='035'><subfield code='a'>(OCLC)ocm39655048</subfield></datafield><datafield ind1=' ' ind2=' ' tag='040'><subfield code='a'>DLC</subfield><subfield code='c'>DLC</subfield><subfield code='d'>DLC</subfield></datafield><datafield ind1=' ' ind2=' ' tag='079'><subfield code='a'>ocm39655048</subfield></datafield><datafield ind1=' ' ind2=' ' tag='090'><subfield code='a'>TK5102.9</subfield><subfield code='b'>.G686 1998</subfield></datafield><datafield ind1='1' ind2=' ' tag='100'><subfield code='a'>Goodwin, Michael M.,</subfield><subfield code='d'>1970-</subfield></datafield><datafield ind1='1' ind2='0' tag='245'><subfield code='a'>Adaptive signal models :</subfield><subfield code='b'>theory, algorithms, and audio applications /</subfield><subfield code='c'>by Michael M. Goodwin.</subfield></datafield><datafield ind1=' ' ind2=' ' tag='260'><subfield code='a'>Boston :</subfield><subfield code='b'>Kluwer Academic Publishers,</subfield><subfield code='c'>c1998.</subfield></datafield><datafield ind1=' ' ind2=' ' tag='300'><subfield code='a'>xvi, 248 p. :</subfield><subfield code='b'>ill. ;</subfield><subfield code='c'>24 cm.</subfield></datafield><datafield ind1=' ' ind2='4' tag='440'><subfield code='a'>The Kluwer international series in engineering and computer science ;</subfield><subfield code='v'>SECS 467</subfield></datafield><datafield ind1=' ' ind2=' ' tag='504'><subfield code='a'>Includes bibliographical references (p. [219]-237) and index.</subfield></datafield><datafield ind1=' ' ind2='0' tag='650'><subfield code='a'>Adaptive signal processing.</subfield></datafield><datafield ind1=' ' ind2='1' tag='901'><subfield code='i'>39074014088868</subfield><subfield code='l'>estk</subfield><subfield code='a'>TK5102.9</subfield><subfield code='b'>.G686 1998</subfield><subfield code='s'>-</subfield><subfield code='t'>0</subfield><subfield code='z'>090</subfield></datafield><datafield ind1=' ' ind2=' ' tag='902'><subfield code='a'>150908</subfield></datafield><datafield ind1=' ' ind2=' ' tag='907'><subfield code='a'>.b1919903x</subfield><subfield code='b'>p    </subfield><subfield code='c'>-</subfield></datafield><datafield ind1=' ' ind2=' ' tag='945'><subfield code='l'>pstk </subfield><subfield code='g'>1</subfield></datafield><datafield ind1=' ' ind2=' ' tag='950'><subfield code='l'>TECH</subfield></datafield><datafield ind1=' ' ind2=' ' tag='979'><subfield code='a'>ocm39655048</subfield></datafield><datafield ind1=' ' ind2=' ' tag='998'><subfield code='b'>1</subfield><subfield code='c'>990820</subfield><subfield code='d'>m</subfield><subfield code='e'>a</subfield><subfield code='f'>-</subfield><subfield code='g'>0</subfield></datafield><datafield ind1=' ' ind2=' ' tag='998'><subfield code='a'>08/19/99</subfield><subfield code='t'>c</subfield><subfield code='s'>9110</subfield><subfield code='l'>PATG</subfield><subfield code='n'>PPT</subfield><subfield code='w'>DCLC9838805B</subfield><subfield code='d'>08/19/99</subfield><subfield code='b'>YL</subfield></datafield><datafield ind1=' ' ind2=' ' tag='ADM'><subfield code='b'>2017-08-25 22:46:29</subfield><subfield code='e'>b1919903x-01tuli_inst</subfield><subfield code='d'>ILS</subfield><subfield code='a'>2017-06-20 13:21:50</subfield><subfield code='c'>false</subfield></datafield><datafield ind1='0' ind2=' ' tag='HLD'><subfield code='b'>MAIN</subfield><subfield code='c'>stacks</subfield><subfield code='h'>TK5102.9</subfield><subfield code='i'>.G686 1998</subfield><subfield code='8'>22324458130003811</subfield></datafield><datafield ind1=' ' ind2=' ' tag='ITM'><subfield code='r'>22324458130003811</subfield><subfield code='b'>1</subfield><subfield code='h'>0</subfield><subfield code='g'>stacks</subfield><subfield code='t'>BOOK</subfield><subfield code='9'>39074014088868</subfield><subfield code='e'>stacks</subfield><subfield code='8'>23324458100003811</subfield><subfield code='a'>0</subfield><subfield code='q'>2017-06-20 13:21:50</subfield><subfield code='i'>TK5102.9 .G686 1998</subfield><subfield code='d'>MAIN</subfield><subfield code='f'>MAIN</subfield></datafield></record>