
<record xmlns='http://www.loc.gov/MARC21/slim'><leader>01555nam  2200349 i 4500</leader><controlfield tag='001'>991036728642503811</controlfield><controlfield tag='005'>20150413011046.0</controlfield><controlfield tag='006'>m     o  d |      </controlfield><controlfield tag='007'>cr -n---------</controlfield><controlfield tag='008'>160802t20152015flua    ob    000 0 eng d</controlfield><datafield ind1=' ' ind2=' ' tag='020'><subfield code='a'>1-4665-6028-2</subfield></datafield><datafield ind1=' ' ind2=' ' tag='020'><subfield code='a'>1-4665-6029-0</subfield></datafield><datafield ind1=' ' ind2=' ' tag='035'><subfield code='a'>(CKB)3710000000373048</subfield></datafield><datafield ind1=' ' ind2=' ' tag='035'><subfield code='a'>(EBL)1661903</subfield></datafield><datafield ind1=' ' ind2=' ' tag='035'><subfield code='a'>(SSID)ssj0001453148</subfield></datafield><datafield ind1=' ' ind2=' ' tag='035'><subfield code='a'>(PQKBManifestationID)12558965</subfield></datafield><datafield ind1=' ' ind2=' ' tag='035'><subfield code='a'>(PQKBTitleCode)TC0001453148</subfield></datafield><datafield ind1=' ' ind2=' ' tag='035'><subfield code='a'>(PQKBWorkID)11488771</subfield></datafield><datafield ind1=' ' ind2=' ' tag='035'><subfield code='a'>(PQKB)10369557</subfield></datafield><datafield ind1=' ' ind2=' ' tag='035'><subfield code='a'>(MiAaPQ)EBC1661903</subfield></datafield><datafield ind1=' ' ind2=' ' tag='035'><subfield code='a'>(EXLCZ)993710000000373048</subfield></datafield><datafield ind1=' ' ind2=' ' tag='040'><subfield code='a'>MiAaPQ</subfield><subfield code='b'>eng</subfield><subfield code='e'>rda</subfield><subfield code='e'>pn</subfield><subfield code='c'>MiAaPQ</subfield><subfield code='d'>MiAaPQ</subfield></datafield><datafield ind1=' ' ind2=' ' tag='041'><subfield code='a'>eng</subfield></datafield><datafield ind1=' ' ind2='4' tag='050'><subfield code='a'>TK7881.4</subfield><subfield code='b'>.R45 2014</subfield></datafield><datafield ind1=' ' ind2=' ' tag='082'><subfield code='a'>621.382/2</subfield></datafield><datafield ind1='1' ind2=' ' tag='100'><subfield code='a'>Reiss, Joshua D.,</subfield><subfield code='e'>author.</subfield></datafield><datafield ind1='1' ind2='0' tag='245'><subfield code='a'>Audio effects :</subfield><subfield code='b'>theory, implementation, and application /</subfield><subfield code='c'>Joshua D. Reiss, Andrew P. McPherson.</subfield></datafield><datafield ind1=' ' ind2='1' tag='264'><subfield code='a'>Boca Raton, [Florida] ;</subfield><subfield code='a'>London, [England] ;</subfield><subfield code='a'>New York :</subfield><subfield code='b'>CRC Press,</subfield><subfield code='c'>2015.</subfield></datafield><datafield ind1=' ' ind2='4' tag='264'><subfield code='c'>©2015</subfield></datafield><datafield ind1=' ' ind2=' ' tag='300'><subfield code='a'>1 online resource (362 p.)</subfield></datafield><datafield ind1=' ' ind2=' ' tag='336'><subfield code='a'>text</subfield><subfield code='b'>txt</subfield></datafield><datafield ind1=' ' ind2=' ' tag='337'><subfield code='a'>computer</subfield><subfield code='b'>c</subfield></datafield><datafield ind1=' ' ind2=' ' tag='338'><subfield code='a'>online resource</subfield><subfield code='b'>cr</subfield></datafield><datafield ind1=' ' ind2=' ' tag='500'><subfield code='a'>Description based upon print version of record.</subfield></datafield><datafield ind1='0' ind2=' ' tag='505'><subfield code='a'>Front Cover; Contents; Preface; About the Authors; Chapter 1: Introduction and Fundamentals; Chapter 2: Delay Line Effects; Chapter 3: Filter Design; Chapter 4: Filter Effects; Chapter 5: Amplitude Modulation; Chapter 6: Dynamics Processing; Chapter 7: Overdrive, Distortion, and Fuzz; Chapter 8: The Phase Vocoder; Chapter 9: Spatial Audio; Chapter 10: The Doppler Effect; Chapter 11: Reverberation; Chapter 12: Audio Production; Chapter 13: Building Audio Effect Plug-&amp;#xAD;Ins; References; Back Cover</subfield></datafield><datafield ind1=' ' ind2=' ' tag='520'><subfield code='a'>PrefaceAbout the AuthorsAim and Scope of BookIntroduction and FundamentalsUnderstanding Sound and Digital AudioWorking with DecibelsLevel MeasurementsRepresenting and Understanding Digital SignalsRepresenting Complex NumbersFrequency and Time-Frequency RepresentationsAliasingModifying and Processing Digital SignalsThe Z Transform and Filter RepresentationDigital Filter ExampleNonlinear and Time-Varying EffectsDelay Line EffectsDelayTheoryBasic DelayDelay with FeedbackOther Delay TypesSlapback DelayMultitap DelayPing-Pong DelayImplementationBasic DelayVariationsDelay Line InterpolationCode Exam</subfield></datafield><datafield ind1=' ' ind2=' ' tag='546'><subfield code='a'>English</subfield></datafield><datafield ind1=' ' ind2=' ' tag='504'><subfield code='a'>Includes bibliographical references.</subfield></datafield><datafield ind1=' ' ind2=' ' tag='588'><subfield code='a'>Description based on print version record.</subfield></datafield><datafield ind1=' ' ind2='0' tag='650'><subfield code='a'>Computer sound processing.</subfield></datafield><datafield ind1=' ' ind2='0' tag='650'><subfield code='a'>Sound</subfield><subfield code='x'>Recording and reproducing</subfield><subfield code='x'>Digital techniques.</subfield></datafield><datafield ind1=' ' ind2='0' tag='650'><subfield code='a'>Signal processing</subfield><subfield code='x'>Digital techniques.</subfield></datafield><datafield ind1=' ' ind2='4' tag='655'><subfield code='a'>Electronic books.</subfield></datafield><datafield ind1='1' ind2=' ' tag='700'><subfield code='a'>McPherson, Andrew.</subfield></datafield><datafield ind1='0' ind2='8' tag='776'><subfield code='i'>Print version:</subfield><subfield code='a'>Reiss, Joshua D.</subfield><subfield code='t'>Audio effects : theory, implementation, and application.</subfield><subfield code='d'>Boca Raton, [Florida] ; London, [England] :New York : CRC Press, c2015 </subfield><subfield code='h'>343 pages </subfield><subfield code='z'>9781466560284  </subfield><subfield code='w'>2014033468</subfield></datafield><datafield ind1=' ' ind2=' ' tag='906'><subfield code='a'>BOOK</subfield></datafield><datafield ind1=' ' ind2=' ' tag='ADM'><subfield code='b'>2017-12-03 09:55:55</subfield><subfield code='e'>993710000000373048</subfield><subfield code='d'>NON_SFX</subfield><subfield code='f'>20160803134623.0</subfield><subfield code='a'>2015-03-15 12:35:14</subfield><subfield code='c'>false</subfield></datafield><datafield ind1=' ' ind2=' ' tag='PRT'><subfield code='a'>53347496800003811</subfield><subfield code='b'>https://sandbox01-na.alma.exlibrisgroup.com/view/uresolver/01TULI_INST/openurl?u.ignore_date_coverage=true&amp;rft.mms_id=991036728642503811</subfield><subfield code='e'>ProQuest</subfield><subfield code='9'>Available</subfield><subfield code='c'>ProQuest Safari Tech Books Online Current File</subfield><subfield code='h'>611000000000002577</subfield><subfield code='8'>53347496800003811</subfield></datafield></record>