
<record xmlns='http://www.loc.gov/MARC21/slim'><leader>00974nam  2200265Ia 4500</leader><controlfield tag='001'>991036796230303811</controlfield><controlfield tag='005'>20170810182753.0</controlfield><controlfield tag='006'>m     o  d |      </controlfield><controlfield tag='007'>cr -n---------</controlfield><controlfield tag='008'>070811s2008    enka    o     001 0 eng d</controlfield><datafield ind1=' ' ind2=' ' tag='020'><subfield code='a'>1-281-11205-4</subfield></datafield><datafield ind1=' ' ind2=' ' tag='020'><subfield code='a'>9786611112059</subfield></datafield><datafield ind1=' ' ind2=' ' tag='020'><subfield code='a'>0-08-055615-9</subfield></datafield><datafield ind1=' ' ind2=' ' tag='035'><subfield code='a'>(CKB)1000000000400513</subfield></datafield><datafield ind1=' ' ind2=' ' tag='035'><subfield code='a'>(EBL)328570</subfield></datafield><datafield ind1=' ' ind2=' ' tag='035'><subfield code='a'>(OCoLC)469641558</subfield></datafield><datafield ind1=' ' ind2=' ' tag='035'><subfield code='a'>(SSID)ssj0000203730</subfield></datafield><datafield ind1=' ' ind2=' ' tag='035'><subfield code='a'>(PQKBManifestationID)11181332</subfield></datafield><datafield ind1=' ' ind2=' ' tag='035'><subfield code='a'>(PQKBTitleCode)TC0000203730</subfield></datafield><datafield ind1=' ' ind2=' ' tag='035'><subfield code='a'>(PQKBWorkID)10173974</subfield></datafield><datafield ind1=' ' ind2=' ' tag='035'><subfield code='a'>(PQKB)11313854</subfield></datafield><datafield ind1=' ' ind2=' ' tag='035'><subfield code='a'>(MiAaPQ)EBC328570</subfield></datafield><datafield ind1=' ' ind2=' ' tag='035'><subfield code='a'>(EXLCZ)991000000000400513</subfield></datafield><datafield ind1=' ' ind2=' ' tag='040'><subfield code='a'>MiAaPQ</subfield><subfield code='c'>MiAaPQ</subfield><subfield code='d'>MiAaPQ</subfield></datafield><datafield ind1=' ' ind2=' ' tag='041'><subfield code='a'>eng</subfield></datafield><datafield ind1=' ' ind2='4' tag='050'><subfield code='a'>TK7881.4</subfield><subfield code='b'>.I95 2008</subfield></datafield><datafield ind1='0' ind2='0' tag='082'><subfield code='a'>621.389/3</subfield><subfield code='a'>621.3893</subfield></datafield><datafield ind1='1' ind2=' ' tag='100'><subfield code='a'>Izhaki, Roey.</subfield></datafield><datafield ind1='1' ind2='0' tag='245'><subfield code='a'>Mixing audio</subfield><subfield code='h'>[electronic resource] :</subfield><subfield code='b'>concepts, practices and tools /</subfield><subfield code='c'>Roey Izhaki.</subfield></datafield><datafield ind1=' ' ind2=' ' tag='260'><subfield code='a'>Oxford, [England] ;</subfield><subfield code='a'>Burlington, MA :</subfield><subfield code='b'>Focal Press,</subfield><subfield code='c'>c2008.</subfield></datafield><datafield ind1=' ' ind2=' ' tag='300'><subfield code='a'>1 online resource (579 p.)</subfield></datafield><datafield ind1=' ' ind2=' ' tag='336'><subfield code='a'>text</subfield><subfield code='b'>txt</subfield></datafield><datafield ind1=' ' ind2=' ' tag='337'><subfield code='a'>computer</subfield><subfield code='b'>c</subfield></datafield><datafield ind1=' ' ind2=' ' tag='338'><subfield code='a'>online resource</subfield><subfield code='b'>cr</subfield></datafield><datafield ind1=' ' ind2=' ' tag='500'><subfield code='a'>Description based upon print version of record.</subfield></datafield><datafield ind1='0' ind2=' ' tag='505'><subfield code='a'>Cover; Title Page; Copyright Page; Table of Contents; Acknowledgments; Introduction; Symbols and formats used; Part I Concepts and Practices; 1 Music and mixing; Music - An extremely short introduction; The role and importance of the mix; The perfect mix; 2 Some axioms and other gems; Louder perceived better; Percussives weigh less; Importance; Natural vs. artificial; 3 Learning to mix; What makes a great mixing engineer; Methods of learning; Mixing analysis; Reference tracks; 4 The process of mixing; Mixing and the production chain; The mix as a composite; Where to start; Deadlocks</subfield></datafield><datafield ind1='8' ind2=' ' tag='505'><subfield code='a'>MilestonesFinalizing and stabilizing the mix; 5 Related issues; How long does it take?; Breaks; Using solos; Mono listening; Bouncing; Housekeeping; Mix edits; Mastering; 6 Mixing domains and objectives; Mixing objectives; Frequency domain; Level domain; Stereo domain; Depth; Part II Tools; 7 Monitoring; How did we get here?; Choosing monitors; The room factor; Positioning monitors; 8 Meters; Amplitude vs. level; Mechanical and bar meters; Peak meters; Average meters; Phase meters; 9 Mixing consoles; Buses; Processors vs. effects; Basic signal flow; The importance of signal flow diagrams</subfield></datafield><datafield ind1='8' ind2=' ' tag='505'><subfield code='a'>GroupsIn-line consoles; The monitor section; Solos; Correct gain structure; The digital console; 10 Software mixers; Tracks and mixer strips; Routing; The internal architecture; 11 Phase; What is phase?; Problems; Tricks; 12 Faders; Types; Scales; Working with faders; 13 Panning; How stereo works; Pan controls; Types of tracks; Panning techniques; Beyond pan pots; 14 Equalizers; Applications; The frequency spectrum; Types and controls; In practice; Equalizing various instruments; 15 Introduction to dynamic range processors; Dynamic range; Dynamics; Dynamic range processors in a nutshell</subfield></datafield><datafield ind1='8' ind2=' ' tag='505'><subfield code='a'>16 CompressorsThe course of history; The sound of compressors; Principle of operation and core controls; Additional controls; Controls in practice; Applications; Tricks; More on compressors; 17 Limiters; 18 Gates; Controls; Applications; In practice; Tricks; 19 Expanders; Controls; In practice; Upward expanders; 20 Duckers; Operation and controls; Applications; 21 Delays; Delay basics; Types; In practice; Applications; 22 Other modulation tools; Vibrato; ADT; Chorus; Flanging; Phasing; Tremolo; 23 Reverbs; What is reverb?; Applications; Types; Reverb programs; Reverb properties and parameters</subfield></datafield><datafield ind1='8' ind2=' ' tag='505'><subfield code='a'>Reverbs and stereoOther reverb types; Reverbs in practice; 24 Distortion; Background; Distortion basics; Ways to generate distortion; 25 Drum triggering; Methods of drum triggering; 26 Other tools; MS; Pitch shifters and harmonizers; Exciters and enhancers; Transient designers; 27 Automation; Automation engines; The automation process; Automation alternatives; Control surfaces; Part III Sample Mixes; 28 Hero (Rock); Drums; Bass; Rhythm guitar; Distorted guitars; Lead guitar; Vocals; 29 It&apos;s Temps Pt. II (Hip Hop/Urban/Grime); Beat; Bass; Other tracks; Vocals; 30 Donna Pomini (Techno)</subfield></datafield><datafield ind1='8' ind2=' ' tag='505'><subfield code='a'>Ambiance reverb</subfield></datafield><datafield ind1=' ' ind2=' ' tag='520'><subfield code='a'>Mixing remains one of the most illusive arts of recording practice and can take a life time to master. Looking at practices, concepts, tools and mixing instruments the author provides a comprehensive insight to the art and science of mixing.Whether a hobbyist of professional this book covers basic concepts to advanced techniques as well as tips and tricks and is a vital read for anyone wanting to succeed in the field of mixing.</subfield></datafield><datafield ind1=' ' ind2=' ' tag='546'><subfield code='a'>English</subfield></datafield><datafield ind1=' ' ind2='0' tag='650'><subfield code='a'>Sound</subfield><subfield code='x'>Recording and reproducing.</subfield></datafield><datafield ind1=' ' ind2='0' tag='650'><subfield code='a'>Sound</subfield><subfield code='x'>Recording and reproducing</subfield><subfield code='x'>Digital techniques.</subfield></datafield><datafield ind1=' ' ind2='0' tag='650'><subfield code='a'>Computer sound processing.</subfield></datafield><datafield ind1=' ' ind2='4' tag='655'><subfield code='a'>Electronic books.</subfield></datafield><datafield ind1=' ' ind2=' ' tag='776'><subfield code='z'>0-240-52068-8</subfield></datafield><datafield ind1=' ' ind2=' ' tag='906'><subfield code='a'>BOOK</subfield></datafield><datafield ind1=' ' ind2=' ' tag='PRT'><subfield code='a'>53364507560003811</subfield><subfield code='b'>https://sandbox01-na.alma.exlibrisgroup.com/view/uresolver/01TULI_INST/openurl?u.ignore_date_coverage=true&amp;rft.mms_id=991036796230303811</subfield><subfield code='e'>Elsevier ScienceDirect AutoLoad</subfield><subfield code='c'>Elsevier ScienceDirect Books Complete</subfield><subfield code='h'>613840000000000009</subfield><subfield code='8'>53364507560003811</subfield></datafield></record>