
<record xmlns='http://www.loc.gov/MARC21/slim'><leader>02996nam a22004455i 4500</leader><controlfield tag='001'>991036799364303811</controlfield><controlfield tag='005'>20170816115836.0</controlfield><controlfield tag='006'>m     o  d |      </controlfield><controlfield tag='007'>cr -n---------</controlfield><controlfield tag='008'>100721s2010    xxu|    o    |||| 0|eng d</controlfield><datafield ind1=' ' ind2=' ' tag='010'><subfield code='z'>  2010931862</subfield></datafield><datafield ind1=' ' ind2=' ' tag='020'><subfield code='a'>1-4419-1754-3</subfield></datafield><datafield ind1='7' ind2=' ' tag='024'><subfield code='a'>10.1007/978-1-4419-1754-6</subfield><subfield code='2'>doi</subfield></datafield><datafield ind1=' ' ind2=' ' tag='035'><subfield code='a'>(CKB)2550000000015741</subfield></datafield><datafield ind1=' ' ind2=' ' tag='035'><subfield code='a'>(EBL)603404</subfield></datafield><datafield ind1=' ' ind2=' ' tag='035'><subfield code='a'>(OCoLC)663096094</subfield></datafield><datafield ind1=' ' ind2=' ' tag='035'><subfield code='a'>(SSID)ssj0000412344</subfield></datafield><datafield ind1=' ' ind2=' ' tag='035'><subfield code='a'>(PQKBManifestationID)11268356</subfield></datafield><datafield ind1=' ' ind2=' ' tag='035'><subfield code='a'>(PQKBTitleCode)TC0000412344</subfield></datafield><datafield ind1=' ' ind2=' ' tag='035'><subfield code='a'>(PQKBWorkID)10367463</subfield></datafield><datafield ind1=' ' ind2=' ' tag='035'><subfield code='a'>(PQKB)11037714</subfield></datafield><datafield ind1=' ' ind2=' ' tag='035'><subfield code='a'>(DE-He213)978-1-4419-1754-6</subfield></datafield><datafield ind1=' ' ind2=' ' tag='035'><subfield code='a'>(MiAaPQ)EBC603404</subfield></datafield><datafield ind1=' ' ind2=' ' tag='035'><subfield code='a'>(EXLCZ)992550000000015741</subfield></datafield><datafield ind1=' ' ind2=' ' tag='040'><subfield code='a'>MiAaPQ</subfield><subfield code='c'>MiAaPQ</subfield><subfield code='d'>MiAaPQ</subfield></datafield><datafield ind1=' ' ind2=' ' tag='041'><subfield code='a'>eng</subfield></datafield><datafield ind1=' ' ind2='4' tag='050'><subfield code='a'>TA365-367.5</subfield></datafield><datafield ind1=' ' ind2='7' tag='072'><subfield code='a'>TTA</subfield><subfield code='2'>bicssc</subfield></datafield><datafield ind1=' ' ind2='7' tag='072'><subfield code='a'>TEC001000</subfield><subfield code='2'>bisacsh</subfield></datafield><datafield ind1='0' ind2='0' tag='082'><subfield code='a'>621.38932</subfield></datafield><datafield ind1='1' ind2=' ' tag='100'><subfield code='a'>You, Yuli.</subfield><subfield code='e'>author.</subfield></datafield><datafield ind1='1' ind2='0' tag='245'><subfield code='a'>Audio Coding</subfield><subfield code='h'>[electronic resource] :</subfield><subfield code='b'>Theory and Applications /</subfield><subfield code='c'>by Yuli You.</subfield></datafield><datafield ind1=' ' ind2='1' tag='264'><subfield code='a'>Boston, MA :</subfield><subfield code='b'>Springer US,</subfield><subfield code='c'>2010.</subfield></datafield><datafield ind1=' ' ind2=' ' tag='300'><subfield code='a'>1 online resource (348 p.)</subfield></datafield><datafield ind1=' ' ind2=' ' tag='336'><subfield code='a'>text</subfield><subfield code='b'>txt</subfield></datafield><datafield ind1=' ' ind2=' ' tag='337'><subfield code='a'>computer</subfield><subfield code='b'>c</subfield></datafield><datafield ind1=' ' ind2=' ' tag='338'><subfield code='a'>online resource</subfield><subfield code='b'>cr</subfield></datafield><datafield ind1=' ' ind2=' ' tag='347'><subfield code='a'>text file</subfield><subfield code='b'>PDF</subfield><subfield code='2'>rda</subfield></datafield><datafield ind1=' ' ind2=' ' tag='500'><subfield code='a'>Description based upon print version of record.</subfield></datafield><datafield ind1=' ' ind2=' ' tag='546'><subfield code='a'>English</subfield></datafield><datafield ind1=' ' ind2=' ' tag='504'><subfield code='a'>Includes bibliographical references (p. 335-338) and index.</subfield></datafield><datafield ind1='0' ind2=' ' tag='505'><subfield code='a'>Prelude -- Quantization -- Scalar Quantization -- Vector Quantization -- Data Model -- Linear Prediction -- Transform Coding -- Subband Coding -- Cosine-Modulated Filter Banks -- Entropy Coding -- Entropy and Coding -- Huffman Coding -- Audio Coding -- Perceptual Model -- Transients -- Joint Channel Coding -- Implementation Issues -- Quality Evaluation -- DRA Audio Coding Standard.</subfield></datafield><datafield ind1=' ' ind2=' ' tag='520'><subfield code='a'>Audio Coding: Theory and Applications provides succinct coverage of audio coding technologies that are widely used in modern audio coding standards. Delivered from the perspective of an engineer, this book articulates how signal processing is used in the context of audio coding. It presents a detailed treatment of contemporary audio coding technologies and then uses the DRA audio coding standard as a practical example to illustrate how numerous technologies are integrated into a fully-fledged audio coding algorithm. Drawing upon years of practical experience and using numerous examples and illustrations Dr. Yuli You, gives a description of practical audio coding technologies including: • Designing high-performance algorithms that can be readily implemented on fixed-point or integer microprocessors. • How to properly implement an audio decoder on various microprocessors. Transient detection and adaptation of time-frequency resolution of subband filters. • Psychoacoustic models and optimal bit allocation. Audio Coding: Theory and Applications will be a valuable reference book for engineers in the consumer electronics industry, as well as students and researchers in electrical engineering.</subfield></datafield><datafield ind1=' ' ind2='0' tag='650'><subfield code='a'>Sound</subfield><subfield code='x'>Recording and reproducing</subfield><subfield code='x'>Digital techniques.</subfield></datafield><datafield ind1=' ' ind2='0' tag='650'><subfield code='a'>Speech processing systems.</subfield></datafield><datafield ind1=' ' ind2='0' tag='650'><subfield code='a'>Coding theory.</subfield></datafield><datafield ind1=' ' ind2='4' tag='655'><subfield code='a'>Electronic books.</subfield></datafield><datafield ind1=' ' ind2=' ' tag='776'><subfield code='z'>1-4899-9869-1</subfield></datafield><datafield ind1=' ' ind2=' ' tag='776'><subfield code='z'>1-4419-1753-5</subfield></datafield><datafield ind1=' ' ind2=' ' tag='906'><subfield code='a'>BOOK</subfield></datafield><datafield ind1=' ' ind2=' ' tag='ADM'><subfield code='b'>2018-02-22 13:57:21</subfield><subfield code='e'>992550000000015741</subfield><subfield code='d'>NON_SFX</subfield><subfield code='f'>20151204153453.0</subfield><subfield code='a'>2012-02-26 00:28:05</subfield><subfield code='c'>false</subfield></datafield><datafield ind1=' ' ind2=' ' tag='PRT'><subfield code='a'>53366362230003811</subfield><subfield code='b'>https://sandbox01-na.alma.exlibrisgroup.com/view/uresolver/01TULI_INST/openurl?u.ignore_date_coverage=true&amp;rft.mms_id=991036799364303811</subfield><subfield code='e'>Springer Link</subfield><subfield code='9'>Available</subfield><subfield code='c'>SpringerLink Books Complete</subfield><subfield code='h'>611000000000001381</subfield><subfield code='8'>53366362230003811</subfield></datafield></record>