
<record xmlns='http://www.loc.gov/MARC21/slim'><leader>00989nam  2200277 a 4500</leader><controlfield tag='001'>991036796409203811</controlfield><controlfield tag='005'>20170815113239.0</controlfield><controlfield tag='006'>m     o  d |      </controlfield><controlfield tag='007'>cr -n---------</controlfield><controlfield tag='008'>070619s2008    ne a    ob    001 0 eng  </controlfield><datafield ind1=' ' ind2=' ' tag='010'><subfield code='z'>  2007025666</subfield></datafield><datafield ind1=' ' ind2=' ' tag='020'><subfield code='a'>1-136-12262-1</subfield></datafield><datafield ind1=' ' ind2=' ' tag='020'><subfield code='a'>1-281-03383-9</subfield></datafield><datafield ind1=' ' ind2=' ' tag='020'><subfield code='a'>9786611033835</subfield></datafield><datafield ind1=' ' ind2=' ' tag='020'><subfield code='a'>0-08-055291-9</subfield></datafield><datafield ind1=' ' ind2=' ' tag='035'><subfield code='a'>(CKB)1000000000407316</subfield></datafield><datafield ind1=' ' ind2=' ' tag='035'><subfield code='a'>(EBL)317074</subfield></datafield><datafield ind1=' ' ind2=' ' tag='035'><subfield code='a'>(OCoLC)499049839</subfield></datafield><datafield ind1=' ' ind2=' ' tag='035'><subfield code='a'>(SSID)ssj0000107524</subfield></datafield><datafield ind1=' ' ind2=' ' tag='035'><subfield code='a'>(PQKBManifestationID)11133195</subfield></datafield><datafield ind1=' ' ind2=' ' tag='035'><subfield code='a'>(PQKBTitleCode)TC0000107524</subfield></datafield><datafield ind1=' ' ind2=' ' tag='035'><subfield code='a'>(PQKBWorkID)10013554</subfield></datafield><datafield ind1=' ' ind2=' ' tag='035'><subfield code='a'>(PQKB)10466669</subfield></datafield><datafield ind1=' ' ind2=' ' tag='035'><subfield code='a'>(MiAaPQ)EBC317074</subfield></datafield><datafield ind1=' ' ind2=' ' tag='035'><subfield code='a'>(EXLCZ)991000000000407316</subfield></datafield><datafield ind1=' ' ind2=' ' tag='040'><subfield code='a'>MiAaPQ</subfield><subfield code='c'>MiAaPQ</subfield><subfield code='d'>MiAaPQ</subfield></datafield><datafield ind1=' ' ind2=' ' tag='041'><subfield code='a'>eng</subfield></datafield><datafield ind1=' ' ind2='4' tag='050'><subfield code='a'>ML74.3</subfield><subfield code='b'>.M43 2008</subfield></datafield><datafield ind1='0' ind2='0' tag='082'><subfield code='a'>784.13/4</subfield><subfield code='a'>784.134</subfield></datafield><datafield ind1='1' ind2=' ' tag='100'><subfield code='a'>McGuire, Sam.</subfield></datafield><datafield ind1=' ' ind2=' ' tag='210'><subfield code='a'>AUDIO SAMPLING</subfield></datafield><datafield ind1='1' ind2='0' tag='245'><subfield code='a'>Audio sampling</subfield><subfield code='h'>[electronic resource] :</subfield><subfield code='b'>a practical guide /</subfield><subfield code='c'>Sam McGuire, Roy Pritts.</subfield></datafield><datafield ind1=' ' ind2=' ' tag='260'><subfield code='a'>Amsterdam ;</subfield><subfield code='a'>Boston :</subfield><subfield code='b'>Focal Press,</subfield><subfield code='c'>c2008.</subfield></datafield><datafield ind1=' ' ind2=' ' tag='300'><subfield code='a'>1 online resource (231 p.)</subfield></datafield><datafield ind1=' ' ind2=' ' tag='336'><subfield code='a'>text</subfield><subfield code='b'>txt</subfield></datafield><datafield ind1=' ' ind2=' ' tag='337'><subfield code='a'>computer</subfield><subfield code='b'>c</subfield></datafield><datafield ind1=' ' ind2=' ' tag='338'><subfield code='a'>online resource</subfield><subfield code='b'>cr</subfield></datafield><datafield ind1=' ' ind2=' ' tag='500'><subfield code='a'>Description based upon print version of record.</subfield></datafield><datafield ind1='0' ind2=' ' tag='505'><subfield code='a'>Front Cover; Audio Sampling: A Practical Guide; Copyright Page; Acknowledgments; Foreword; Preface; Contents; 1. Introduction to sampling; 1.1 What is sampling?; 1.2 A sampler survey; 1.2.1 Sample players; 1.2.2 Hardware samplers; 1.2.3 Software samplers; 1.2.4 Tape-based sampling; 1.2.5 Miscellaneous utilities; 1.3 Basic sampler expectations; 1.3.1 Basic editing features; 1.3.2 Editing the audio file length; 1.3.3 Playback direction; 1.3.4 Level control; 1.3.5 Pitch shifting; 1.3.6 Looping; 1.3.7 Capable GUI; 1.3.8 Project manager; 1.4 Other expectations; 1.4.1 Sampler memory</subfield></datafield><datafield ind1='8' ind2=' ' tag='505'><subfield code='a'>1.4.2 Voice count1.4.3 Advanced volume control; 1.4.4 Pitch control; 1.4.5 Spectral control; 1.4.6 Velocity layers; 1.4.7 Round-robin; 1.4.8 Key switching; 1.4.9 Scripting; 1.5 Additional software sampler features; 1.5.1 Low-resolution playback; 1.5.2 Hold samples in memory; 1.5.3 Sample streaming; 1.6 Benefits to using samplers without creating your own instruments; 1.7 Using samplers; 1.7.1 Preproduction; 1.7.2 Production; 1.7.3 Live performance; 1.7.4 Composition; 1.7.5 Post production; 1.8 Benefits to creating your own sampled instruments; 1.8.1 Low-cost solution</subfield></datafield><datafield ind1='8' ind2=' ' tag='505'><subfield code='a'>1.8.2 Need-based solution1.8.3 Unavailable instrument; 1.8.4 Instrument preservation; 1.9 Summary; 2 Making connections; 2.1 Signal chain; 2.2 Capturing the sound source; 2.3 Using microphones; 2.3.1 Power; 2.3.2 High pass filter; 2.3.3 Pad; 2.3.4 Polar patterns; 2.4 Using a line input/instrument input; 2.5 Using microphone preamplifiers; 2.6 Using analog-to-digital converters; 2.7 Using audio interfaces; 2.7.1 Expansion cards; 2.7.2 USB and FireWire; 2.7.3 Miscellaneous connections; 2.7.4 Monitoring; 2.8 Using an alternative to audio interfaces; 2.9 Hooking it all together; 2.10 Cable types</subfield></datafield><datafield ind1='8' ind2=' ' tag='505'><subfield code='a'>2.11 Balanced vs. unbalanced2.12 Grounding; 2.13 MIDI connections; 2.14 General equipment tips and tricks; 2.14.1 Forums; 2.14.2 Patience in buying new gear; 2.14.3 Find a quality reference; 3. Source preparation; 3.1 Choosing your source; 3.1.1 Traditional instruments; 3.1.2 Brand new instruments; 3.1.3 Existing vs. new; 3.1.4 Who should be the performer?; 3.1.5 Non-acoustic sources; Sidebar: Pay  Now Or Pay Later, by Storm Gloor; 3.1.6 Straight in; 3.1.7 Batteries of non-pitched instruments; 3.1.8 Focus is on musical instruments; 3.2 Preparing your source</subfield></datafield><datafield ind1='8' ind2=' ' tag='505'><subfield code='a'>3.2.1 The range of your virtual instrument3.2.2 What is the range of a kitchen cupboard?; 3.2.3 Tuning issues; 3.2.4 Instruments can be more or less in tune; 3.2.5 Equal-tempered tuning is easiest; 3.3 Understanding your source; 3.3.1 Change in pressure; 3.3.2 The ear; 3.3.3 The speed of sound; 3.3.4 Applied knowledge; 3.4 Putting it all together; 4. Recording the first sample; 4.1 Ear training; 4.1.1 Goals; 4.1.2 Transparent listening; Why is transparent listening a goal of ear training?; How is transparent listening developed?; 4.1.3 Focused listening; Why is focused listening important?</subfield></datafield><datafield ind1='8' ind2=' ' tag='505'><subfield code='a'>How is focused listening developed?</subfield></datafield><datafield ind1=' ' ind2=' ' tag='520'><subfield code='a'>Bringing sampling to a new generation of audio engineers and composers Audio Sampling explains how to record and create sampled instruments in a software setting. There are many things that go into creating a sampled instrument and many things that can go wrong, this book is a step by step guide through the process, from introducing sampling, where it begins to recording editing and using samples, providing much sought after detailed information on the actual process of sampling, creating sampled instruments as well as the different ways they can be used. The so</subfield></datafield><datafield ind1=' ' ind2=' ' tag='546'><subfield code='a'>English</subfield></datafield><datafield ind1=' ' ind2=' ' tag='504'><subfield code='a'>Includes bibliographical references and index.</subfield></datafield><datafield ind1=' ' ind2='0' tag='650'><subfield code='a'>Software samplers.</subfield></datafield><datafield ind1=' ' ind2='4' tag='655'><subfield code='a'>Electronic books.</subfield></datafield><datafield ind1='1' ind2=' ' tag='700'><subfield code='a'>Pritts, Roy.</subfield></datafield><datafield ind1=' ' ind2=' ' tag='776'><subfield code='z'>0-240-52073-4</subfield></datafield><datafield ind1=' ' ind2=' ' tag='906'><subfield code='a'>BOOK</subfield></datafield><datafield ind1=' ' ind2=' ' tag='PRT'><subfield code='a'>53364490470003811</subfield><subfield code='b'>https://sandbox01-na.alma.exlibrisgroup.com/view/uresolver/01TULI_INST/openurl?u.ignore_date_coverage=true&amp;rft.mms_id=991036796409203811</subfield><subfield code='e'>Elsevier ScienceDirect AutoLoad</subfield><subfield code='c'>Elsevier ScienceDirect Books Complete</subfield><subfield code='h'>613840000000000009</subfield><subfield code='8'>53364490470003811</subfield></datafield></record>