
<record xmlns='http://www.loc.gov/MARC21/slim'><leader>00930nam  2200277Ia 4500</leader><controlfield tag='001'>991036795912203811</controlfield><controlfield tag='005'>20170815122512.0</controlfield><controlfield tag='006'>m     o  d |      </controlfield><controlfield tag='007'>cr -n---------</controlfield><controlfield tag='008'>990127s1999    maua    o     001 0 eng d</controlfield><datafield ind1=' ' ind2=' ' tag='010'><subfield code='z'>   99166198 </subfield></datafield><datafield ind1=' ' ind2=' ' tag='020'><subfield code='a'>1-281-07729-1</subfield></datafield><datafield ind1=' ' ind2=' ' tag='020'><subfield code='a'>9786611077297</subfield></datafield><datafield ind1=' ' ind2=' ' tag='020'><subfield code='a'>0-08-049957-0</subfield></datafield><datafield ind1=' ' ind2=' ' tag='035'><subfield code='a'>(CKB)1000000000384592</subfield></datafield><datafield ind1=' ' ind2=' ' tag='035'><subfield code='a'>(EBL)316843</subfield></datafield><datafield ind1=' ' ind2=' ' tag='035'><subfield code='a'>(OCoLC)476108407</subfield></datafield><datafield ind1=' ' ind2=' ' tag='035'><subfield code='a'>(SSID)ssj0000107514</subfield></datafield><datafield ind1=' ' ind2=' ' tag='035'><subfield code='a'>(PQKBManifestationID)11138517</subfield></datafield><datafield ind1=' ' ind2=' ' tag='035'><subfield code='a'>(PQKBTitleCode)TC0000107514</subfield></datafield><datafield ind1=' ' ind2=' ' tag='035'><subfield code='a'>(PQKBWorkID)10014083</subfield></datafield><datafield ind1=' ' ind2=' ' tag='035'><subfield code='a'>(PQKB)11359792</subfield></datafield><datafield ind1=' ' ind2=' ' tag='035'><subfield code='a'>(MiAaPQ)EBC316843</subfield></datafield><datafield ind1=' ' ind2=' ' tag='035'><subfield code='a'>(EXLCZ)991000000000384592</subfield></datafield><datafield ind1=' ' ind2=' ' tag='040'><subfield code='a'>MiAaPQ</subfield><subfield code='c'>MiAaPQ</subfield><subfield code='d'>MiAaPQ</subfield></datafield><datafield ind1=' ' ind2=' ' tag='041'><subfield code='a'>eng</subfield></datafield><datafield ind1=' ' ind2='4' tag='050'><subfield code='a'>TK7881</subfield><subfield code='b'>.H66 1999</subfield></datafield><datafield ind1='0' ind2='0' tag='082'><subfield code='a'>621.389/3 21</subfield></datafield><datafield ind1='1' ind2=' ' tag='100'><subfield code='a'>Hood, John Linsley.</subfield></datafield><datafield ind1='1' ind2='0' tag='245'><subfield code='a'>Audio electronics</subfield><subfield code='h'>[electronic resource] /</subfield><subfield code='c'>John Linsley Hood.</subfield></datafield><datafield ind1=' ' ind2=' ' tag='246'><subfield code='a'>Audio Electronics (Second Edition)</subfield></datafield><datafield ind1=' ' ind2=' ' tag='250'><subfield code='a'>2nd ed.</subfield></datafield><datafield ind1=' ' ind2=' ' tag='260'><subfield code='a'>Boston ;</subfield><subfield code='a'>Oxford :</subfield><subfield code='b'>Newnes,</subfield><subfield code='c'>1999.</subfield></datafield><datafield ind1=' ' ind2=' ' tag='300'><subfield code='a'>1 online resource (389 p.)</subfield></datafield><datafield ind1=' ' ind2=' ' tag='336'><subfield code='a'>text</subfield><subfield code='b'>txt</subfield></datafield><datafield ind1=' ' ind2=' ' tag='337'><subfield code='a'>computer</subfield><subfield code='b'>c</subfield></datafield><datafield ind1=' ' ind2=' ' tag='338'><subfield code='a'>online resource</subfield><subfield code='b'>cr</subfield></datafield><datafield ind1=' ' ind2=' ' tag='500'><subfield code='a'>Description based upon print version of record.</subfield></datafield><datafield ind1='0' ind2=' ' tag='505'><subfield code='a'>Front Cover; Audio Electronics; Copyright Page; Contents; Preface; Chapter 1. Tape recording; The basic system; Magnetic tape; The recording process; Causes of non-uniform frequency response; Record/replay equalisation; Head design; Recording track dimensions; HF bias; The tape transport mechanism; Transient performance; Tape noise; Electronic circuit design; Replay equalisation; Bias oscillator circuits; The record amplifier; Recording level indication; Tape drive motor speed control; Professional recording equipment; General description; Multi-track machines; Digital recording systems</subfield></datafield><datafield ind1='8' ind2=' ' tag='505'><subfield code='a'>Chapter 2. Tuners and radio receiversBackground; Basic requirements; The influence of the ionosphere; Why VHF transmissions?; AM or FM?; FM broadcast standards; Stereo encoding/decoding; GE/Zenith &apos;pilot tone&apos; system; PCM programme distribution system; Supplementary broadcast signals; Alternative transmission methods; SSB broadcasting; Radio receiver design; Circuit design; New developments; Appendices; Chapter 3. Preamplifiers and input signals; Requirements; Signal voltage and impedance levels; Gramophone pick-up inputs; Input circuitry; Moving coil PU head amplifier design</subfield></datafield><datafield ind1='8' ind2=' ' tag='505'><subfield code='a'>Circuit arrangementsInput connections; Input switching; Chapter 4. Voltage amplifiers and controls; Preamplifier stages; Linearity; Noise levels; Output voltage characteristics; Voltage amplifier design; Constant-current sources and &apos;current mirrors&apos;; Performance standards; Audibility of distortion; General design considerations; Controls; Chapter 5. Power output stages; Valve amplifier designs; Early transistor circuits; Listener fatigue and crossover distortion; Improved transistor amplifier designs; Power MOSFETs; Output transistor protection; Power output and power dissipation</subfield></datafield><datafield ind1='8' ind2=' ' tag='505'><subfield code='a'>General design considerationsSlew-rate limiting and TID; Advanced amplifier designs; Alternative design approaches; Contemporary amplifier design practice; Sound quality and specifications; Chapter 6. The compact disc and digital audio; Why use digital techniques?; Problems with digital encoding; The record-replay system; The replay system; Error correction; Chapter 7. Test Instruments and measurements; Instrument types; Signal generators; Alternative waveform types; Distortion measurement; Oscilloscopes; Chapter 8. Loudspeaker crossover systems; Why necessary?; Cone design</subfield></datafield><datafield ind1='8' ind2=' ' tag='505'><subfield code='a'>Soundwave dispersionCrossover system design; Crossover component types; LS output equalisation; Active crossover systems; Active filter design; Bi-wiring and tri-wiring; Chapter 9. Power supplies; The importance of the power supply unit; Circuit layouts; Circuit problems; Full-wave rectifier systems; Transformer types and power ratings; Stabilised PSU circuits; Commercial power amp. PSUs; Output source impedance and noise; Transformer noise and stray magnetic fields; Chapter 10. Noise reduction techniques; Bandwidth limitation; Pre-emphasis; &apos;Noise masking&apos; and &apos;companding&apos;</subfield></datafield><datafield ind1='8' ind2=' ' tag='505'><subfield code='a'>Attack and decay times</subfield></datafield><datafield ind1=' ' ind2=' ' tag='520'><subfield code='a'>This book is a unique electronics text in that it focuses on the electronics of audio design and explores the principles and techniques that underly the successful design and usage of analog and digital equipment.The second edition includes new material on the latest developments in the field: digital radio and television, Nicam 728, and the latest Dolby noise reduction systems.John Linsley Hood is responsible for numerous amplifier designs that have led the way to better sound, and has also kept up a commentary on developments in audio in magazines such as The Gramophone, </subfield></datafield><datafield ind1=' ' ind2=' ' tag='546'><subfield code='a'>English</subfield></datafield><datafield ind1=' ' ind2='0' tag='650'><subfield code='a'>Sound</subfield><subfield code='x'>Recording and reproducing</subfield><subfield code='x'>Equipment and supplies.</subfield></datafield><datafield ind1=' ' ind2='0' tag='650'><subfield code='a'>Electronic circuits.</subfield></datafield><datafield ind1=' ' ind2='4' tag='655'><subfield code='a'>Electronic books.</subfield></datafield><datafield ind1=' ' ind2=' ' tag='776'><subfield code='z'>0-7506-4332-3</subfield></datafield><datafield ind1=' ' ind2=' ' tag='906'><subfield code='a'>BOOK</subfield></datafield><datafield ind1=' ' ind2=' ' tag='PRT'><subfield code='a'>53404559500003811</subfield><subfield code='b'>https://sandbox01-na.alma.exlibrisgroup.com/view/uresolver/01TULI_INST/openurl?u.ignore_date_coverage=true&amp;rft.mms_id=991036795912203811</subfield><subfield code='e'>EBSCOhost</subfield><subfield code='c'>eBook EngineeringCore Collection</subfield><subfield code='h'>613790000000001573</subfield><subfield code='8'>53404559500003811</subfield></datafield><datafield ind1=' ' ind2=' ' tag='PRT'><subfield code='a'>53393421330003811</subfield><subfield code='b'>https://sandbox01-na.alma.exlibrisgroup.com/view/uresolver/01TULI_INST/openurl?u.ignore_date_coverage=true&amp;rft.mms_id=991036795912203811</subfield><subfield code='e'>EBSCOhost</subfield><subfield code='c'>EBSCOhost Academic eBook Collection (North America)</subfield><subfield code='h'>613640000000000029</subfield><subfield code='8'>53393421330003811</subfield></datafield><datafield ind1=' ' ind2=' ' tag='PRT'><subfield code='a'>53364424550003811</subfield><subfield code='b'>https://sandbox01-na.alma.exlibrisgroup.com/view/uresolver/01TULI_INST/openurl?u.ignore_date_coverage=true&amp;rft.mms_id=991036795912203811</subfield><subfield code='e'>Elsevier ScienceDirect AutoLoad</subfield><subfield code='c'>Elsevier ScienceDirect Books Complete</subfield><subfield code='h'>613840000000000009</subfield><subfield code='8'>53364424550003811</subfield></datafield><datafield ind1=' ' ind2=' ' tag='PRT'><subfield code='a'>53395823210003811</subfield><subfield code='b'>https://sandbox01-na.alma.exlibrisgroup.com/view/uresolver/01TULI_INST/openurl?u.ignore_date_coverage=true&amp;rft.mms_id=991036795912203811</subfield><subfield code='e'>EBSCOhost</subfield><subfield code='c'>EBSCOhost eBook Community College Collection</subfield><subfield code='h'>613860000000000003</subfield><subfield code='8'>53395823210003811</subfield></datafield></record>