
<record xmlns='http://www.loc.gov/MARC21/slim'><leader>03633cam a2200553Ia 4500</leader><controlfield tag='005'>20150320070515.5</controlfield><controlfield tag='006'>m     o  d        </controlfield><controlfield tag='007'>cr cn|||||||||</controlfield><controlfield tag='008'>100909s2010    nyu     ob    001 0 eng d</controlfield><controlfield tag='001'>991020827439703811</controlfield><datafield ind1=' ' ind2=' ' tag='020'><subfield code='a'>9781441917546</subfield></datafield><datafield ind1=' ' ind2=' ' tag='020'><subfield code='a'>1441917543</subfield></datafield><datafield ind1=' ' ind2=' ' tag='020'><subfield code='z'>9781441917539 (hardcover : alk. paper)</subfield></datafield><datafield ind1=' ' ind2=' ' tag='020'><subfield code='z'>1441917535</subfield></datafield><datafield ind1=' ' ind2=' ' tag='035'><subfield code='a'>(PPT)b49754166-01tuli_inst</subfield></datafield><datafield ind1=' ' ind2=' ' tag='035'><subfield code='a'>(OCoLC)663096094</subfield><subfield code='z'>(OCoLC)654385515</subfield><subfield code='z'>(OCoLC)680616952</subfield><subfield code='z'>(OCoLC)681351959</subfield><subfield code='z'>(OCoLC)771454069</subfield><subfield code='z'>(OCoLC)771454070</subfield></datafield><datafield ind1=' ' ind2=' ' tag='037'><subfield code='a'>978-1-4419-1753-9</subfield><subfield code='b'>Springer</subfield><subfield code='n'>http://www.springerlink.com</subfield></datafield><datafield ind1=' ' ind2=' ' tag='040'><subfield code='a'>GW5XE</subfield><subfield code='b'>eng</subfield><subfield code='e'>pn</subfield><subfield code='c'>GW5XE</subfield><subfield code='d'>YDXCP</subfield><subfield code='d'>VPI</subfield><subfield code='d'>EBLCP</subfield><subfield code='d'>CEF</subfield><subfield code='d'>OCLCQ</subfield><subfield code='d'>GA0</subfield><subfield code='d'>RRP</subfield><subfield code='d'>OCLCQ</subfield><subfield code='d'>E7B</subfield><subfield code='d'>QE2</subfield><subfield code='d'>N$T</subfield><subfield code='d'>OCLCQ</subfield><subfield code='d'>OCLCF</subfield><subfield code='d'>BEDGE</subfield><subfield code='d'>OCLCQ</subfield><subfield code='d'>A7U</subfield></datafield><datafield ind1=' ' ind2=' ' tag='049'><subfield code='a'>TEUU</subfield></datafield><datafield ind1=' ' ind2='7' tag='072'><subfield code='a'>ANT</subfield><subfield code='x'>037000</subfield><subfield code='2'>bisacsh</subfield></datafield><datafield ind1=' ' ind2=' ' tag='090'><subfield code='a'>TK7881.4</subfield><subfield code='b'>.Y68 2010</subfield></datafield><datafield ind1='1' ind2=' ' tag='100'><subfield code='a'>You, Yuli.</subfield></datafield><datafield ind1='1' ind2='0' tag='245'><subfield code='a'>Audio coding</subfield><subfield code='h'>[electronic resource] :</subfield><subfield code='b'>theory and applications /</subfield><subfield code='c'>Yuli You.</subfield></datafield><datafield ind1=' ' ind2=' ' tag='260'><subfield code='a'>New York ;</subfield><subfield code='a'>London :</subfield><subfield code='b'>Springer,</subfield><subfield code='c'>2010.</subfield></datafield><datafield ind1=' ' ind2=' ' tag='300'><subfield code='a'>1 online resource.</subfield></datafield><datafield ind1=' ' ind2=' ' tag='336'><subfield code='a'>text</subfield><subfield code='b'>txt</subfield><subfield code='2'>rdacontent</subfield></datafield><datafield ind1=' ' ind2=' ' tag='337'><subfield code='a'>computer</subfield><subfield code='b'>c</subfield><subfield code='2'>rdamedia</subfield></datafield><datafield ind1=' ' ind2=' ' tag='338'><subfield code='a'>online resource</subfield><subfield code='b'>cr</subfield><subfield code='2'>rdacarrier</subfield></datafield><datafield ind1='0' ind2=' ' tag='505'><subfield code='a'>pt. 1. Prelude -- pt. 2. Quantization -- pt. 3. Data model -- pt. 4. Entropy coding -- pt. 5. Audio coding.</subfield></datafield><datafield ind1='0' ind2=' ' tag='588'><subfield code='a'>Print version record.</subfield></datafield><datafield ind1=' ' ind2=' ' tag='504'><subfield code='a'>Includes bibliographical references (pages 335-338) and index.</subfield></datafield><datafield ind1=' ' ind2=' ' tag='520'><subfield code='a'>Audio Coding: Theory and Applications provides succinct coverage of audio coding technologies that are widely used in modern audio coding standards. Delivered from the perspective of an engineer, this book articulates how signal processing is used in the context of audio coding. It presents a detailed treatment of contemporary audio coding technologies and then uses the DRA audio coding standard as a practical example to illustrate how numerous technologies are integrated into a fully-fledged audio coding algorithm. Drawing upon years of practical experience and using numerous examples and illustrations Dr. Yuli You, gives a description of practical audio coding technologies including: Designing high-performance algorithms that can be readily implemented on fixed-point or integer microprocessors. How to properly implement an audio decoder on various microprocessors. Transient detection and adaptation of time-frequency resolution of subband filters. Psychoacoustic models and optimal bit allocation. Audio Coding: Theory and Applications will be a valuable reference book for engineers in the consumer electronics industry, as well as students and researchers in electrical engineering.</subfield></datafield><datafield ind1=' ' ind2=' ' tag='590'><subfield code='a'>Access is available to the Temple Community through use of a networked computer with a Temple IP address.</subfield></datafield><datafield ind1=' ' ind2='0' tag='650'><subfield code='a'>Sound</subfield><subfield code='x'>Recording and reproducing</subfield><subfield code='x'>Digital techniques</subfield><subfield code='x'>Standards.</subfield></datafield><datafield ind1=' ' ind2='4' tag='650'><subfield code='a'>Electrical engineering.</subfield></datafield><datafield ind1=' ' ind2='4' tag='650'><subfield code='a'>Engineering.</subfield></datafield><datafield ind1=' ' ind2='6' tag='650'><subfield code='a'>Son</subfield><subfield code='x'>Enregistrement et reproduction</subfield><subfield code='x'>Techniques numériques</subfield><subfield code='x'>Normes.</subfield></datafield><datafield ind1=' ' ind2='7' tag='650'><subfield code='a'>ANTIQUES &amp; COLLECTIBLES</subfield><subfield code='x'>Records.</subfield><subfield code='2'>bisacsh</subfield></datafield><datafield ind1=' ' ind2='7' tag='650'><subfield code='a'>Ingénierie.</subfield><subfield code='2'>eclas</subfield></datafield><datafield ind1=' ' ind2='7' tag='650'><subfield code='a'>Sound</subfield><subfield code='x'>Recording and reproducing</subfield><subfield code='x'>Digital techniques</subfield><subfield code='x'>Standards.</subfield><subfield code='2'>fast</subfield><subfield code='0'>(OCoLC)fst01126960</subfield></datafield><datafield ind1=' ' ind2='4' tag='655'><subfield code='a'>Electronic books.</subfield></datafield><datafield ind1='2' ind2=' ' tag='710'><subfield code='a'>SpringerLink (Online service)</subfield></datafield><datafield ind1='0' ind2='8' tag='776'><subfield code='i'>Print version:</subfield><subfield code='a'>You, Yuli.</subfield><subfield code='t'>Audio coding.</subfield><subfield code='d'>New York ; London : Springer, 2010</subfield><subfield code='z'>9781441917539</subfield><subfield code='z'>1441917535</subfield><subfield code='w'>(OCoLC)465370337</subfield></datafield><datafield ind1='4' ind2='0' tag='856'><subfield code='z'>Access full text online.</subfield><subfield code='u'>http://libproxy.temple.edu/login?url=http://link.springer.com/10.1007/978-1-4419-1754-6</subfield></datafield><datafield ind1=' ' ind2=' ' tag='907'><subfield code='a'>.b49754166</subfield><subfield code='b'>w    </subfield><subfield code='c'>-</subfield></datafield><datafield ind1=' ' ind2=' ' tag='902'><subfield code='a'>170601</subfield></datafield><datafield ind1=' ' ind2=' ' tag='998'><subfield code='b'>0</subfield><subfield code='c'>110925</subfield><subfield code='d'>m</subfield><subfield code='e'>@</subfield><subfield code='f'>-</subfield><subfield code='g'>0</subfield></datafield><datafield ind1=' ' ind2=' ' tag='902'><subfield code='a'>SpringerLink 2015-09-30</subfield></datafield><datafield ind1=' ' ind2=' ' tag='945'><subfield code='l'>w    </subfield><subfield code='g'>1</subfield></datafield><datafield ind1=' ' ind2=' ' tag='ADM'><subfield code='e'>b49754166-01tuli_inst</subfield><subfield code='d'>ILS</subfield><subfield code='a'>2017-06-20 06:37:23</subfield><subfield code='c'>false</subfield></datafield><datafield ind1=' ' ind2=' ' tag='PRT'><subfield code='a'>53374856390003811</subfield><subfield code='b'>https://sandbox01-na.alma.exlibrisgroup.com/view/uresolver/01TULI_INST/openurl?u.ignore_date_coverage=true&amp;rft.mms_id=991020827439703811</subfield><subfield code='f'>Access full text online.</subfield><subfield code='9'>Available</subfield><subfield code='d'>MAIN</subfield><subfield code='c'>SpringerLink Ebooks</subfield><subfield code='8'>53374856390003811</subfield></datafield></record>