
<record xmlns='http://www.loc.gov/MARC21/slim'><leader>06006cam a2200445Ka 4500</leader><controlfield tag='005'>20120204102634.0</controlfield><controlfield tag='006'>m        d        </controlfield><controlfield tag='007'>cr cn|</controlfield><controlfield tag='008'>111110s2011    enk     o     001 0 eng d</controlfield><controlfield tag='001'>991027115199703811</controlfield><datafield ind1=' ' ind2=' ' tag='020'><subfield code='a'>9780240522227 (electronic bk.)</subfield></datafield><datafield ind1=' ' ind2=' ' tag='020'><subfield code='a'>0240522222 (electronic bk.)</subfield></datafield><datafield ind1=' ' ind2=' ' tag='035'><subfield code='a'>(PPT)b51397791-01tuli_inst</subfield></datafield><datafield ind1=' ' ind2=' ' tag='035'><subfield code='a'>(OCoLC)760175803</subfield></datafield><datafield ind1=' ' ind2=' ' tag='037'><subfield code='a'>1098229:10925312</subfield><subfield code='b'>Elsevier Science &amp; Technology</subfield><subfield code='n'>http://www.sciencedirect.com</subfield></datafield><datafield ind1=' ' ind2=' ' tag='040'><subfield code='a'>OPELS</subfield><subfield code='b'>eng</subfield><subfield code='c'>OPELS</subfield></datafield><datafield ind1=' ' ind2=' ' tag='049'><subfield code='a'>TEUU</subfield></datafield><datafield ind1=' ' ind2=' ' tag='090'><subfield code='a'>TK7881.4</subfield><subfield code='b'>.I94 2011eb</subfield></datafield><datafield ind1='1' ind2=' ' tag='100'><subfield code='a'>Izhaki, Roey.</subfield></datafield><datafield ind1='1' ind2='0' tag='245'><subfield code='a'>Mixing audio</subfield><subfield code='h'>[electronic resource] :</subfield><subfield code='b'>concepts, practices and tools /</subfield><subfield code='c'>Roey Izhaki.</subfield></datafield><datafield ind1=' ' ind2=' ' tag='250'><subfield code='a'>2nd ed.</subfield></datafield><datafield ind1=' ' ind2=' ' tag='260'><subfield code='a'>Oxford :</subfield><subfield code='b'>Focal,</subfield><subfield code='c'>2011.</subfield></datafield><datafield ind1=' ' ind2=' ' tag='300'><subfield code='a'>1 online resource (1 v.)</subfield></datafield><datafield ind1=' ' ind2=' ' tag='520'><subfield code='a'>Your mix can make or break a record, and mixing is an essential catalyst for a record deal. Professional engineers with exceptional mixing skills can earn vast amounts of money and find that they are in demand by the biggest acts. To develop such skills, you need to master both the art and science of mixing. The new edition of this bestselling book offers all you need to know and put into practice in order to improve your mixes. Covering the entire process --from fundamental concepts to advanced techniques -- and offering a multitude of audio samples, tips and tricks, this book has it all. Roey Izhaki teaches you the importance of a mixing vision, how to craft and evaluate your mix and then take it a step further. He describes the theory and the tools used and how these are put into practice while creating mixes. Packed full of photos, graphs, diagrams and audio samples, Mixing Audio is a vital read for anyone wanting to succeed in the field of mixing. New to this edition: * Multitracks provided to help practice mixing * Fully updated with current plug-in and software version and information * Companion website with a multitude of new samples including more macro-mixing samples * A new sample mix: Rock n&apos; Roll * Rounded, extensive and complete coverage of music mixing * Includes a Web site with over 700 audio samples and 8 sample mixes * Covers new topics and mixing trends such as computer centered mixing.</subfield></datafield><datafield ind1='0' ind2=' ' tag='505'><subfield code='a'>Introduction -- Part I: Concepts and Practices -- Music and mixing -- Music - an extremely short introduction -- The role and importance of the mix -- The perfect mix -- Some axioms and other gems -- Louder perceived better -- Percussives weight less -- Importance -- Natual vs. artificial -- Learning to mix -- What makes a great mixing engineer? -- Methods of learning -- Mixing analysis -- Reference tracks -- The process of mixing -- Mixing and the production chain -- The mix as a composite -- Where to start? -- Deadlocks -- Milestones -- Finalizing and stabilizing the mix -- Related issues -- How long does it take? -- Breaks -- Using solos -- Mono listening -- Bouncing -- Housekeeping -- Mix Edits -- Mastering -- Mixing domains and objectives -- Mixing objectives -- Frequency domain -- Level domain -- Stereo domain -- Depth -- Part II: Tools -- Monitoring -- How did we get here? -- Choosing monitors -- The room factor -- Positioning monitors -- Meters -- Peak meters -- Average meters -- Phase meters -- Mixing consoles -- Processors vs. effects -- Basic signal flow -- Groups -- In-line consoles -- The monitor section -- Solos -- Correct gain structure -- The digital console -- Software mixers -- Tracks and mixer strips -- Routing -- The internal architecture -- Phase -- What is phase? -- Problems -- Tricks -- Faders -- Types -- Scales -- Working with faders -- Panning -- How stereo works? -- Pan controls -- Types of tracks -- Panning techniques -- Beyond pan pots -- Equalizers -- Applications -- The frequency spectrum -- Types and controls -- In practice -- Equalizing various instruments -- Introduction to dynamic range processors -- Dynamic Range -- Dynamics -- Dynamic Range Processors in a nutshell -- Compressors -- Principle of operation and core controls -- Additional controls -- Controls in practice -- Applications -- Tricks -- More on compressors -- Limiters -- Gates -- Controls -- Applications -- In practice -- Tricks -- Expanders -- Controls -- In practice -- Upward Expanders -- Duckers -- Operation and controls -- Applications -- Delays -- Delay basics -- Types -- In practice -- Applications -- Other modulation tools -- Vibrato -- ADT -- Chorus -- Flanging -- Phasing -- Tremolo -- Reverbs -- Applications -- Types -- Reverb programs -- Reverb properties and parameters -- Reverbs and stereo -- Other reverb types -- Reverbs in practice -- Distortion -- Distortion basics -- Ways to generate distortion -- Drum Triggering -- Methods of drum triggering -- Other tools -- MS -- Pitch shifters and harmonizers -- Exciters and enhancers -- Transient designers -- Automation -- The automation process -- Automation alternatives -- Control surfaces -- Part III: Sample Mixes -- Hero (rock) -- The Hustler (drum n&apos; bass) -- Temps (hip hop) -- Donna Pomini (dance) -- Appendices -- Appendix 1: Notes and frequencies -- Appendix 2: Delay time chart.</subfield></datafield><datafield ind1=' ' ind2=' ' tag='500'><subfield code='a'>Previous ed.: 2008.</subfield></datafield><datafield ind1=' ' ind2=' ' tag='500'><subfield code='a'>Includes index.</subfield></datafield><datafield ind1=' ' ind2=' ' tag='588'><subfield code='a'>Description based on print version record.</subfield></datafield><datafield ind1=' ' ind2=' ' tag='590'><subfield code='a'>Access is available to the Temple Community through use of a networked computer with a Temple IP address.</subfield></datafield><datafield ind1=' ' ind2='0' tag='650'><subfield code='a'>Sound</subfield><subfield code='x'>Recording and reproducing</subfield><subfield code='x'>Digital techniques.</subfield></datafield><datafield ind1=' ' ind2='0' tag='650'><subfield code='a'>Sound recordings</subfield><subfield code='x'>Production and direction.</subfield></datafield><datafield ind1=' ' ind2='0' tag='655'><subfield code='a'>Electronic books.</subfield></datafield><datafield ind1='2' ind2=' ' tag='710'><subfield code='a'>ScienceDirect (Online service)</subfield></datafield><datafield ind1='0' ind2='8' tag='776'><subfield code='i'>Print version:</subfield><subfield code='a'>Izhaki, Roey.</subfield><subfield code='t'>Mixing audio.</subfield><subfield code='b'>2nd ed.</subfield><subfield code='d'>Oxford : Focal, 2011</subfield><subfield code='z'>9780240522227</subfield><subfield code='w'>(OCoLC)751738981</subfield></datafield><datafield ind1='4' ind2='0' tag='856'><subfield code='3'>ScienceDirect</subfield><subfield code='u'>http://libproxy.temple.edu/login?url=http://www.sciencedirect.com/science/book/9780240522227</subfield><subfield code='z'>Access full text online.</subfield></datafield><datafield ind1=' ' ind2=' ' tag='907'><subfield code='a'>.b51397791</subfield><subfield code='b'>w    </subfield><subfield code='c'>-</subfield></datafield><datafield ind1=' ' ind2=' ' tag='902'><subfield code='a'>120228</subfield></datafield><datafield ind1=' ' ind2=' ' tag='998'><subfield code='b'>1</subfield><subfield code='c'>120303</subfield><subfield code='d'>m</subfield><subfield code='e'>@</subfield><subfield code='f'>-</subfield><subfield code='g'>0</subfield></datafield><datafield ind1=' ' ind2=' ' tag='902'><subfield code='a'>Elsevier/ScienceDirect 2012-02-28</subfield></datafield><datafield ind1=' ' ind2=' ' tag='945'><subfield code='l'>w    </subfield><subfield code='g'>1</subfield></datafield><datafield ind1=' ' ind2=' ' tag='ADM'><subfield code='e'>b51397791-01tuli_inst</subfield><subfield code='d'>ILS</subfield><subfield code='a'>2017-06-20 07:26:55</subfield><subfield code='c'>false</subfield></datafield><datafield ind1=' ' ind2=' ' tag='PRT'><subfield code='a'>53378002600003811</subfield><subfield code='b'>https://sandbox01-na.alma.exlibrisgroup.com/view/uresolver/01TULI_INST/openurl?u.ignore_date_coverage=true&amp;rft.mms_id=991027115199703811</subfield><subfield code='f'>Access full text online.</subfield><subfield code='9'>Available</subfield><subfield code='d'>MAIN</subfield><subfield code='c'>ScienceDirect</subfield><subfield code='8'>53378002600003811</subfield></datafield></record>