
<record xmlns='http://www.loc.gov/MARC21/slim'><leader>02374nasZZ2200565ZaZ4500</leader><controlfield tag='001'>991036718499503811</controlfield><controlfield tag='005'>20180208174000.0</controlfield><controlfield tag='006'>m-----o--d--------</controlfield><controlfield tag='007'>cr-cnu</controlfield><controlfield tag='008'>061110c20079999nyuar-p-o-----0---a0eng-c</controlfield><datafield ind1=' ' ind2=' ' tag='010'><subfield code='a'>--2006242307</subfield></datafield><datafield ind1=' ' ind2=' ' tag='022'><subfield code='a'>1687-4722</subfield></datafield><datafield ind1=' ' ind2=' ' tag='035'><subfield code='a'>(OCoLC)75638144</subfield></datafield><datafield ind1=' ' ind2=' ' tag='035'><subfield code='a'>(CKB)1000000000223894</subfield></datafield><datafield ind1=' ' ind2=' ' tag='035'><subfield code='a'>(CONSER)--2006242307</subfield></datafield><datafield ind1=' ' ind2=' ' tag='035'><subfield code='a'>(EXLCZ)991000000000223894</subfield></datafield><datafield ind1=' ' ind2=' ' tag='042'><subfield code='a'>pcc</subfield></datafield><datafield ind1='0' ind2='0' tag='050'><subfield code='a'>TK7881.4</subfield></datafield><datafield ind1=' ' ind2=' ' tag='210'><subfield code='a'>EURASIP J AUDIO SPEE</subfield></datafield><datafield ind1=' ' ind2=' ' tag='210'><subfield code='a'>EURASIP JOURNAL ON AUDIO, SPEECH, &amp; MUSIC PROCESSING</subfield></datafield><datafield ind1=' ' ind2=' ' tag='210'><subfield code='a'>JOURNAL ON AUDIO, SPEECH, AND MUSIC PROCESSING</subfield></datafield><datafield ind1=' ' ind2=' ' tag='210'><subfield code='a'>EURASIP J. AUDIO SPEECH MUSIC PROCESS</subfield></datafield><datafield ind1=' ' ind2=' ' tag='210'><subfield code='a'>EURASIP J AUDIO SPEECH MUSIC PROCESS</subfield></datafield><datafield ind1='0' ind2='0' tag='245'><subfield code='a'>EURASIP journal on audio, speech, and music processing</subfield><subfield code='h'>[electronic resource].</subfield></datafield><datafield ind1='2' ind2=' ' tag='246'><subfield code='a'>European Association for Speech, Signal, and Image Processing journal on audio, speech, and music processing</subfield></datafield><datafield ind1='2' ind2=' ' tag='246'><subfield code='a'>EURASIP JASMP</subfield></datafield><datafield ind1='3' ind2='0' tag='246'><subfield code='a'>Audio, speech, and music processing</subfield></datafield><datafield ind1=' ' ind2=' ' tag='246'><subfield code='a'>EURASIP Journal on Audio Speech &amp; Music Processing</subfield></datafield><datafield ind1=' ' ind2=' ' tag='246'><subfield code='a'>EURASIP Journal on Audio Speech, &amp; Music Processing</subfield></datafield><datafield ind1=' ' ind2=' ' tag='260'><subfield code='a'>New York, NY :</subfield><subfield code='b'>Hindawi Pub. Corp.,</subfield><subfield code='c'>2007-</subfield></datafield><datafield ind1='3' ind2=' ' tag='260'><subfield code='3'>&lt;2011&gt;:</subfield><subfield code='a'>Heidelberg : Springer</subfield></datafield><datafield ind1=' ' ind2=' ' tag='300'><subfield code='a'>1 online resource</subfield></datafield><datafield ind1=' ' ind2=' ' tag='310'><subfield code='a'>Annual</subfield></datafield><datafield ind1='0' ind2=' ' tag='362'><subfield code='a'>Vol. 2007-</subfield></datafield><datafield ind1=' ' ind2=' ' tag='500'><subfield code='a'>Title from title screen (Hindawi, viewed Dec. 5, 2006).</subfield></datafield><datafield ind1=' ' ind2=' ' tag='515'><subfield code='a'>Articles continually posted as accepted in &quot;Articles in press&quot; section; articles also browseable by quarter of acceptance.</subfield></datafield><datafield ind1=' ' ind2=' ' tag='525'><subfield code='a'>Special issues accompany v.</subfield></datafield><datafield ind1=' ' ind2=' ' tag='538'><subfield code='a'>Mode of access: World Wide Web.</subfield></datafield><datafield ind1=' ' ind2=' ' tag='550'><subfield code='a'>Publication of the European Association for Speech, Signal, and Image Processing.</subfield></datafield><datafield ind1=' ' ind2=' ' tag='588'><subfield code='a'>Latest issue consulted: Vol. 2008.</subfield></datafield><datafield ind1=' ' ind2=' ' tag='500'><subfield code='a'>Refereed/Peer-reviewed</subfield></datafield><datafield ind1='0' ind2=' ' tag='506'><subfield code='f'>Unrestricted online access</subfield><subfield code='2'>star</subfield></datafield><datafield ind1=' ' ind2='0' tag='650'><subfield code='a'>Sound</subfield><subfield code='x'>Recording and reproducing</subfield><subfield code='x'>Digital techniques</subfield><subfield code='v'>Periodicals.</subfield></datafield><datafield ind1=' ' ind2='0' tag='650'><subfield code='a'>Computer sound processing</subfield><subfield code='v'>Periodicals.</subfield></datafield><datafield ind1=' ' ind2='7' tag='650'><subfield code='a'>Computer sound processing.</subfield><subfield code='2'>fast</subfield><subfield code='0'>(OCoLC)fst00872627</subfield></datafield><datafield ind1=' ' ind2='7' tag='650'><subfield code='a'>Sound</subfield><subfield code='x'>Recording and reproducing</subfield><subfield code='x'>Digital techniques.</subfield><subfield code='2'>fast</subfield><subfield code='0'>(OCoLC)fst01126959</subfield></datafield><datafield ind1=' ' ind2='7' tag='655'><subfield code='a'>Periodicals.</subfield><subfield code='2'>fast</subfield><subfield code='0'>(OCoLC)fst01411641</subfield></datafield><datafield ind1='2' ind2=' ' tag='710'><subfield code='a'>European Association for Speech, Signal and Image Processing.</subfield></datafield><datafield ind1='2' ind2=' ' tag='710'><subfield code='a'>Hindawi Publishing Corporation.</subfield></datafield><datafield ind1=' ' ind2=' ' tag='776'><subfield code='x'>1687-4714</subfield></datafield><datafield ind1=' ' ind2=' ' tag='906'><subfield code='a'>JOURNAL</subfield></datafield><datafield ind1=' ' ind2=' ' tag='ADM'><subfield code='b'>2018-03-27 07:22:13</subfield><subfield code='e'>991000000000223894</subfield><subfield code='d'>NON_SFX</subfield><subfield code='f'>20150303184124.0</subfield><subfield code='a'>2012-02-25 23:41:24</subfield><subfield code='c'>false</subfield></datafield><datafield ind1=' ' ind2=' ' tag='PRT'><subfield code='a'>53345251150003811</subfield><subfield code='b'>https://sandbox01-na.alma.exlibrisgroup.com/view/uresolver/01TULI_INST/openurl?u.ignore_date_coverage=true&amp;rft.mms_id=991036718499503811</subfield><subfield code='e'>DOAJ Directory of Open Access Journals</subfield><subfield code='g'> Available from 2006.</subfield><subfield code='9'>Available</subfield><subfield code='c'>DOAJ Directory of Open Access Journals</subfield><subfield code='h'>61111061245432000</subfield><subfield code='8'>53345251150003811</subfield></datafield><datafield ind1=' ' ind2=' ' tag='PRT'><subfield code='a'>53344880490003811</subfield><subfield code='b'>https://sandbox01-na.alma.exlibrisgroup.com/view/uresolver/01TULI_INST/openurl?u.ignore_date_coverage=true&amp;rft.mms_id=991036718499503811</subfield><subfield code='e'>Springer Link</subfield><subfield code='g'> Available from 2011.</subfield><subfield code='9'>Available</subfield><subfield code='c'>SpringerOpen Free</subfield><subfield code='h'>613170000000000044</subfield><subfield code='8'>53344880490003811</subfield></datafield><datafield ind1=' ' ind2=' ' tag='PRT'><subfield code='a'>53365916780003811</subfield><subfield code='b'>https://sandbox01-na.alma.exlibrisgroup.com/view/uresolver/01TULI_INST/openurl?u.ignore_date_coverage=true&amp;rft.mms_id=991036718499503811</subfield><subfield code='e'>Springer Link</subfield><subfield code='g'> Available from 2006 volume: 2007 issue: 1.</subfield><subfield code='9'>Available</subfield><subfield code='c'>SpringerLink Journals Complete</subfield><subfield code='h'>611000000000000664</subfield><subfield code='8'>53365916780003811</subfield></datafield></record>