
<record xmlns='http://www.loc.gov/MARC21/slim'><leader>05029nam a22007455i 4500</leader><controlfield tag='001'>991036798666603811</controlfield><controlfield tag='005'>20180327125410.0</controlfield><controlfield tag='006'>m     o  d |      </controlfield><controlfield tag='007'>cr -n---------</controlfield><controlfield tag='008'>100301s2008    gw |    o    |||| 0|eng d</controlfield><datafield ind1=' ' ind2=' ' tag='020'><subfield code='a'>1-281-86205-3</subfield></datafield><datafield ind1=' ' ind2=' ' tag='020'><subfield code='a'>9786611862053</subfield></datafield><datafield ind1=' ' ind2=' ' tag='020'><subfield code='a'>3-540-70602-X</subfield></datafield><datafield ind1='7' ind2=' ' tag='024'><subfield code='a'>10.1007/978-3-540-70602-1</subfield><subfield code='2'>doi</subfield></datafield><datafield ind1=' ' ind2=' ' tag='035'><subfield code='a'>(CKB)1000000000491885</subfield></datafield><datafield ind1=' ' ind2=' ' tag='035'><subfield code='a'>(EBL)367526</subfield></datafield><datafield ind1=' ' ind2=' ' tag='035'><subfield code='a'>(OCoLC)272334703</subfield></datafield><datafield ind1=' ' ind2=' ' tag='035'><subfield code='a'>(SSID)ssj0000428631</subfield></datafield><datafield ind1=' ' ind2=' ' tag='035'><subfield code='a'>(PQKBManifestationID)11305689</subfield></datafield><datafield ind1=' ' ind2=' ' tag='035'><subfield code='a'>(PQKBTitleCode)TC0000428631</subfield></datafield><datafield ind1=' ' ind2=' ' tag='035'><subfield code='a'>(PQKBWorkID)10424977</subfield></datafield><datafield ind1=' ' ind2=' ' tag='035'><subfield code='a'>(PQKB)10487412</subfield></datafield><datafield ind1=' ' ind2=' ' tag='035'><subfield code='a'>(SSID)ssj0000774060</subfield></datafield><datafield ind1=' ' ind2=' ' tag='035'><subfield code='a'>(PQKBManifestationID)12330328</subfield></datafield><datafield ind1=' ' ind2=' ' tag='035'><subfield code='a'>(PQKBTitleCode)TC0000774060</subfield></datafield><datafield ind1=' ' ind2=' ' tag='035'><subfield code='a'>(PQKBWorkID)10845946</subfield></datafield><datafield ind1=' ' ind2=' ' tag='035'><subfield code='a'>(PQKB)10802314</subfield></datafield><datafield ind1=' ' ind2=' ' tag='035'><subfield code='a'>(DE-He213)978-3-540-70602-1</subfield></datafield><datafield ind1=' ' ind2=' ' tag='035'><subfield code='a'>(MiAaPQ)EBC367526</subfield></datafield><datafield ind1=' ' ind2=' ' tag='035'><subfield code='a'>(EXLCZ)991000000000491885</subfield></datafield><datafield ind1=' ' ind2=' ' tag='040'><subfield code='a'>MiAaPQ</subfield><subfield code='c'>MiAaPQ</subfield><subfield code='d'>MiAaPQ</subfield></datafield><datafield ind1=' ' ind2=' ' tag='041'><subfield code='a'>eng</subfield></datafield><datafield ind1=' ' ind2='4' tag='050'><subfield code='a'>TK5102.9</subfield></datafield><datafield ind1=' ' ind2='4' tag='050'><subfield code='a'>TA1637-1638</subfield></datafield><datafield ind1=' ' ind2='4' tag='050'><subfield code='a'>TK7882.S65</subfield></datafield><datafield ind1=' ' ind2='7' tag='072'><subfield code='a'>TTBM</subfield><subfield code='2'>bicssc</subfield></datafield><datafield ind1=' ' ind2='7' tag='072'><subfield code='a'>UYS</subfield><subfield code='2'>bicssc</subfield></datafield><datafield ind1=' ' ind2='7' tag='072'><subfield code='a'>TEC008000</subfield><subfield code='2'>bisacsh</subfield></datafield><datafield ind1=' ' ind2='7' tag='072'><subfield code='a'>COM073000</subfield><subfield code='2'>bisacsh</subfield></datafield><datafield ind1='0' ind2='0' tag='082'><subfield code='a'>006.454</subfield></datafield><datafield ind1='1' ind2=' ' tag='100'><subfield code='a'>Hansler, Eberhard.</subfield></datafield><datafield ind1=' ' ind2=' ' tag='210'><subfield code='a'>SPEECH AND AUDIO PROCESSING IN ADVERSE ENVIRONMENTS </subfield></datafield><datafield ind1=' ' ind2=' ' tag='210'><subfield code='a'>SPEECH &amp; AUDIO PROCESSING IN ADVERSE ENVIRONMENTS</subfield></datafield><datafield ind1='1' ind2='0' tag='245'><subfield code='a'>Speech and Audio Processing in Adverse Environments</subfield><subfield code='h'>[electronic resource] /</subfield><subfield code='c'>edited by Eberhard Hänsler, Gerhard Schmidt.</subfield></datafield><datafield ind1=' ' ind2=' ' tag='246'><subfield code='a'>Signals and Communication Technology</subfield></datafield><datafield ind1=' ' ind2='1' tag='264'><subfield code='a'>Berlin, Heidelberg :</subfield><subfield code='b'>Springer Berlin Heidelberg,</subfield><subfield code='c'>2008.</subfield></datafield><datafield ind1=' ' ind2=' ' tag='300'><subfield code='a'>1 online resource (750 p.)</subfield></datafield><datafield ind1=' ' ind2=' ' tag='336'><subfield code='a'>text</subfield><subfield code='b'>txt</subfield></datafield><datafield ind1=' ' ind2=' ' tag='337'><subfield code='a'>computer</subfield><subfield code='b'>c</subfield></datafield><datafield ind1=' ' ind2=' ' tag='338'><subfield code='a'>online resource</subfield><subfield code='b'>cr</subfield></datafield><datafield ind1=' ' ind2=' ' tag='347'><subfield code='a'>text file</subfield><subfield code='b'>PDF</subfield><subfield code='2'>rda</subfield></datafield><datafield ind1='1' ind2=' ' tag='490'><subfield code='a'>Signals and Communication Technology,</subfield><subfield code='x'>1860-4862</subfield></datafield><datafield ind1=' ' ind2=' ' tag='500'><subfield code='a'>Description based upon print version of record.</subfield></datafield><datafield ind1=' ' ind2=' ' tag='546'><subfield code='a'>English</subfield></datafield><datafield ind1=' ' ind2=' ' tag='504'><subfield code='a'>Includes bibliographical references and index.</subfield></datafield><datafield ind1='0' ind2=' ' tag='505'><subfield code='a'>Speech Enhancement -- Low Delay Filter-Banks for Speech and Audio Processing -- A Pre-Filter for Hands-Free Car Phone Noise Reduction: Suppression of Harmonic Engine Noise Components -- Model-Based Speech Enhancement -- Bandwidth Extension of Telephony Speech -- Dereverberation and Residual Echo Suppression in Noisy Environments -- Low Distortion Noise Cancellers – Revival of a Classical Technique -- Echo Cancellation -- Nonlinear Echo Cancellation Based on Spectral Shaping -- Signal and System Quality Evaluation -- Telephone-Speech Quality -- Evaluation of Hands-free Terminals -- Multi-Channel Processing -- Correlation-Based TDOA-Estimation for Multiple Sources in Reverberant Environments -- Microphone Calibration for Multi-Channel Signal Processing -- Convolutive Blind Source Separation for Noisy Mixtures -- Binaural Speech Segregation -- Spatio-Temporal Adaptive Inverse Filtering in the Wave Domain -- Selected Applications -- Virtual Hearing -- Dynamic Sound Control Algorithms in Automobiles -- Towards Robust Distant-Talking Automatic Speech Recognition in Reverberant Environments.</subfield></datafield><datafield ind1=' ' ind2=' ' tag='520'><subfield code='a'>The book reflects the state of the art in important areas of speech and audio signal processing. It presents topics which are missed so far and most recent findings in the field. Leading international experts report on their field of work and their new results. Considerable amount of space is covered by multi-microphone systems, specific approaches for noise reduction, and evaluations of speech signals and speech processing systems. Multi-microphone systems include automatic calibration of microphones, localisation of sound sources, and source separation procedures. Also covered are recent approaches to the problem of adaptive echo and noise suppression. A novel solution allows the design of filter banks exhibiting bands spaced according to the Bark scale und especially short delay times. Furthermore, a method for engine noise reduction and proposals for improving the signal/noise ratio based on partial signal reconstruction or using a noise reference are reported. A number of contributions deal with speech quality. Besides basic considerations for quality evaluation specific methods for bandwidth extension of telephone speech are described. Procedures to reduce the reverberation of audio signals can help to increase speech intelligibility and speech recognition rates. In addition, solutions for specific applications in speech and audio signal processing are reported including, e.g., the enhancement of audio signal reproduction in automobiles and the automatic evaluation of hands-free systems and hearing aids.</subfield></datafield><datafield ind1=' ' ind2='0' tag='650'><subfield code='a'>Signal processing.</subfield></datafield><datafield ind1=' ' ind2='0' tag='650'><subfield code='a'>Acoustical engineering.</subfield></datafield><datafield ind1=' ' ind2='0' tag='650'><subfield code='a'>Noise control.</subfield></datafield><datafield ind1=' ' ind2='0' tag='650'><subfield code='a'>Echo suppression (Telecommunication)</subfield></datafield><datafield ind1=' ' ind2='4' tag='655'><subfield code='a'>Electronic books.</subfield></datafield><datafield ind1='1' ind2=' ' tag='700'><subfield code='a'>Hänsler, Eberhard.</subfield><subfield code='e'>editor.</subfield></datafield><datafield ind1='1' ind2=' ' tag='700'><subfield code='a'>Schmidt, Gerhard.</subfield><subfield code='e'>editor.</subfield></datafield><datafield ind1=' ' ind2=' ' tag='776'><subfield code='z'>3-642-08953-4</subfield></datafield><datafield ind1=' ' ind2=' ' tag='776'><subfield code='z'>3-540-70601-1</subfield></datafield><datafield ind1='0' ind2=' ' tag='760'><subfield code='w'>(CKB)1000000000498738</subfield></datafield><datafield ind1=' ' ind2='0' tag='830'><subfield code='a'>Signals and Communication Technology,</subfield><subfield code='x'>1860-4862</subfield></datafield><datafield ind1=' ' ind2=' ' tag='906'><subfield code='a'>BOOK</subfield></datafield><datafield ind1=' ' ind2=' ' tag='PRT'><subfield code='a'>53366223630003811</subfield><subfield code='b'>https://sandbox01-na.alma.exlibrisgroup.com/view/uresolver/01TULI_INST/openurl?u.ignore_date_coverage=true&amp;rft.mms_id=991036798666603811</subfield><subfield code='e'>Springer Link</subfield><subfield code='c'>SpringerLink Books Complete</subfield><subfield code='h'>611000000000001381</subfield><subfield code='8'>53366223630003811</subfield></datafield></record>