
<record xmlns='http://www.loc.gov/MARC21/slim'><leader>01948nas a2200565 a 4500</leader><controlfield tag='005'>20180315124905.0</controlfield><controlfield tag='008'>930324c19939999nyuqr1p       0   a0eng d</controlfield><controlfield tag='001'>991030453259703811</controlfield><datafield ind1=' ' ind2=' ' tag='010'><subfield code='a'>sn 92001235</subfield></datafield><datafield ind1='0' ind2=' ' tag='022'><subfield code='a'>1063-6676</subfield></datafield><datafield ind1=' ' ind2=' ' tag='035'><subfield code='a'>(PPT)b16263789-01tuli_inst</subfield></datafield><datafield ind1=' ' ind2=' ' tag='035'><subfield code='a'>(CStRLIN)ocn476359144</subfield><subfield code='9'>ExL</subfield></datafield><datafield ind1=' ' ind2=' ' tag='035'><subfield code='a'>PATG93-S00274</subfield></datafield><datafield ind1=' ' ind2=' ' tag='035'><subfield code='a'>ocn173448466</subfield></datafield><datafield ind1=' ' ind2=' ' tag='035'><subfield code='a'>(OCLC)ocn173448466</subfield></datafield><datafield ind1=' ' ind2=' ' tag='040'><subfield code='a'>NSDP</subfield><subfield code='c'>NSDP</subfield><subfield code='d'>NNU</subfield><subfield code='d'>PPT</subfield></datafield><datafield ind1=' ' ind2=' ' tag='042'><subfield code='a'>nsdp</subfield></datafield><datafield ind1=' ' ind2=' ' tag='079'><subfield code='a'>ocn173448466</subfield></datafield><datafield ind1=' ' ind2=' ' tag='090'><subfield code='a'>TK5981.I33x</subfield></datafield><datafield ind1='1' ind2='0' tag='222'><subfield code='a'>IEEE transactions on speech and audio processing</subfield></datafield><datafield ind1='0' ind2='0' tag='245'><subfield code='a'>IEEE transactions on speech and audio processing.</subfield></datafield><datafield ind1='1' ind2='0' tag='246'><subfield code='a'>Speech and audio processing</subfield></datafield><datafield ind1=' ' ind2=' ' tag='260'><subfield code='a'>New York, NY :</subfield><subfield code='b'>Institute of Electrical and Electronics Engineers, Inc.,</subfield></datafield><datafield ind1=' ' ind2=' ' tag='300'><subfield code='a'>v. :</subfield><subfield code='b'>ill. ;</subfield><subfield code='c'>28 cm.</subfield></datafield><datafield ind1=' ' ind2=' ' tag='310'><subfield code='a'>Quarterly</subfield></datafield><datafield ind1='0' ind2=' ' tag='362'><subfield code='a'>Vol. 1, no. 1 (Jan. 1993)-</subfield></datafield><datafield ind1=' ' ind2=' ' tag='500'><subfield code='a'>Title from cover.</subfield></datafield><datafield ind1=' ' ind2=' ' tag='530'><subfield code='a'>Also available online.</subfield></datafield><datafield ind1=' ' ind2=' ' tag='550'><subfield code='a'>A publication of the IEEE Signal Processing Society.</subfield></datafield><datafield ind1=' ' ind2='0' tag='650'><subfield code='a'>Signal processing</subfield><subfield code='x'>Periodicals.</subfield></datafield><datafield ind1=' ' ind2='0' tag='650'><subfield code='a'>Speech processing systems</subfield><subfield code='x'>Periodicals.</subfield></datafield><datafield ind1='2' ind2='0' tag='710'><subfield code='a'>Institute of Electrical and Electronics Engineers.</subfield></datafield><datafield ind1='2' ind2='0' tag='710'><subfield code='a'>IEEE Signal Processing Society.</subfield></datafield><datafield ind1=' ' ind2=' ' tag='907'><subfield code='a'>.b16263789</subfield><subfield code='b'>k    </subfield><subfield code='c'>-</subfield></datafield><datafield ind1=' ' ind2=' ' tag='935'><subfield code='a'>00683993</subfield></datafield><datafield ind1=' ' ind2=' ' tag='945'><subfield code='l'>kstk </subfield><subfield code='u'>v.v.1 (1993)</subfield><subfield code='g'>1</subfield></datafield><datafield ind1=' ' ind2=' ' tag='945'><subfield code='l'>kstk </subfield><subfield code='u'>v.v.2 (1994)</subfield><subfield code='g'>1</subfield></datafield><datafield ind1=' ' ind2=' ' tag='945'><subfield code='l'>kstk </subfield><subfield code='u'>v.v.3 (1995)</subfield><subfield code='g'>1</subfield></datafield><datafield ind1=' ' ind2=' ' tag='945'><subfield code='l'>kstk </subfield><subfield code='u'>v.v.4 (1996)</subfield><subfield code='g'>1</subfield></datafield><datafield ind1=' ' ind2=' ' tag='945'><subfield code='l'>kstk </subfield><subfield code='u'>v.v.5 (1987)</subfield><subfield code='g'>1</subfield></datafield><datafield ind1=' ' ind2=' ' tag='945'><subfield code='l'>kstk </subfield><subfield code='u'>v.v.6 (1998)</subfield><subfield code='g'>1</subfield></datafield><datafield ind1=' ' ind2=' ' tag='945'><subfield code='l'>kstk </subfield><subfield code='u'>v.v.7 (1999)</subfield><subfield code='g'>1</subfield></datafield><datafield ind1=' ' ind2=' ' tag='945'><subfield code='l'>kstk </subfield><subfield code='u'>v.v.8 (2000)</subfield><subfield code='g'>1</subfield></datafield><datafield ind1=' ' ind2=' ' tag='945'><subfield code='l'>kstk </subfield><subfield code='u'>v.v.9 (2001)</subfield><subfield code='g'>1</subfield></datafield><datafield ind1=' ' ind2=' ' tag='945'><subfield code='l'>kstk </subfield><subfield code='u'>v.v.10 (2002)</subfield><subfield code='g'>1</subfield></datafield><datafield ind1=' ' ind2=' ' tag='950'><subfield code='l'>TECH</subfield><subfield code='v'>v.1, no.1-</subfield><subfield code='y'>Jan. 1993-</subfield><subfield code='f'>PER.</subfield><subfield code='i'>03/24/93 N  775:sl</subfield></datafield><datafield ind1=' ' ind2=' ' tag='955'><subfield code='l'>TECH</subfield><subfield code='c'>0:(v.1:1993)</subfield><subfield code='a'>REF-1</subfield><subfield code='i'>03/24/93 C</subfield></datafield><datafield ind1=' ' ind2=' ' tag='979'><subfield code='a'>ocn173448466</subfield></datafield><datafield ind1=' ' ind2=' ' tag='998'><subfield code='b'>10</subfield><subfield code='c'>990101</subfield><subfield code='d'>s</subfield><subfield code='e'>a</subfield><subfield code='f'>-</subfield><subfield code='g'>0</subfield></datafield><datafield ind1=' ' ind2=' ' tag='998'><subfield code='a'>03/24/93</subfield><subfield code='t'>c</subfield><subfield code='s'>9110</subfield><subfield code='n'>PPT</subfield><subfield code='w'>NYUG93S454</subfield><subfield code='d'>03/24/93</subfield><subfield code='c'>EC</subfield><subfield code='b'>JR</subfield><subfield code='i'>930324</subfield><subfield code='l'>PATG</subfield></datafield><datafield ind1=' ' ind2=' ' tag='ADM'><subfield code='b'>2018-03-15 16:49:05</subfield><subfield code='e'>b16263789-01tuli_inst</subfield><subfield code='d'>ILS</subfield><subfield code='a'>2017-06-20 10:53:28</subfield><subfield code='c'>false</subfield></datafield><datafield ind1='0' ind2=' ' tag='HLD'><subfield code='b'>KARDON</subfield><subfield code='c'>p_remote</subfield><subfield code='h'>TK5981.I33x</subfield><subfield code='x'>INT. NOTE: PER. | NOTE(CHECKIN): Engineering - Bind each year | NOTE(CHECKIN): IEEE paper cancelled w/2002  electronic w/2003 | VEN. NOTE: COMES WITH IEEE ALL-SOCIETY PERIODICALS PACKAGE | FREQUENCY: b | SCODE3: - | VEN TITLE#: RB474100016409814076</subfield><subfield code='8'>22307052630003811</subfield></datafield><datafield ind1=' ' ind2=' ' tag='ITM'><subfield code='r'>22307052630003811</subfield><subfield code='b'>1</subfield><subfield code='h'>0</subfield><subfield code='g'>p_remote</subfield><subfield code='t'>ISSUE</subfield><subfield code='9'>39074017813106</subfield><subfield code='e'>p_remote</subfield><subfield code='8'>23307052590003811</subfield><subfield code='c'>v.4 (1996)</subfield><subfield code='a'>2</subfield><subfield code='q'>2017-06-20 10:53:28</subfield><subfield code='i'>TK5981.I33x</subfield><subfield code='d'>KARDON</subfield><subfield code='f'>KARDON</subfield></datafield><datafield ind1=' ' ind2=' ' tag='ITM'><subfield code='r'>22307052630003811</subfield><subfield code='b'>1</subfield><subfield code='h'>0</subfield><subfield code='g'>p_remote</subfield><subfield code='t'>ISSUE</subfield><subfield code='9'>39074017813114</subfield><subfield code='e'>p_remote</subfield><subfield code='8'>23307052600003811</subfield><subfield code='c'>v.3 (1995)</subfield><subfield code='a'>2</subfield><subfield code='q'>2017-06-20 10:53:28</subfield><subfield code='i'>TK5981.I33x</subfield><subfield code='d'>KARDON</subfield><subfield code='f'>KARDON</subfield></datafield><datafield ind1=' ' ind2=' ' tag='ITM'><subfield code='r'>22307052630003811</subfield><subfield code='b'>1</subfield><subfield code='h'>0</subfield><subfield code='g'>p_remote</subfield><subfield code='t'>ISSUE</subfield><subfield code='9'>39074022897649</subfield><subfield code='e'>p_remote</subfield><subfield code='8'>23307052530003811</subfield><subfield code='c'>v.10 (2002)</subfield><subfield code='a'>2</subfield><subfield code='q'>2017-06-20 10:53:28</subfield><subfield code='i'>TK5981.I33x</subfield><subfield code='d'>KARDON</subfield><subfield code='f'>KARDON</subfield></datafield><datafield ind1=' ' ind2=' ' tag='ITM'><subfield code='r'>22307052630003811</subfield><subfield code='b'>1</subfield><subfield code='h'>0</subfield><subfield code='g'>p_remote</subfield><subfield code='t'>ISSUE</subfield><subfield code='9'>39074022897300</subfield><subfield code='e'>p_remote</subfield><subfield code='8'>23307052540003811</subfield><subfield code='c'>v.8 (2000)</subfield><subfield code='a'>2</subfield><subfield code='q'>2017-06-20 10:53:28</subfield><subfield code='i'>TK5981.I33x</subfield><subfield code='d'>KARDON</subfield><subfield code='f'>KARDON</subfield></datafield><datafield ind1=' ' ind2=' ' tag='ITM'><subfield code='r'>22307052630003811</subfield><subfield code='b'>1</subfield><subfield code='h'>0</subfield><subfield code='g'>p_remote</subfield><subfield code='t'>ISSUE</subfield><subfield code='9'>39074022901078</subfield><subfield code='e'>p_remote</subfield><subfield code='8'>23307052570003811</subfield><subfield code='c'>v.9 (2001)</subfield><subfield code='a'>2</subfield><subfield code='q'>2017-06-20 10:53:28</subfield><subfield code='i'>TK5981.I33x</subfield><subfield code='d'>KARDON</subfield><subfield code='f'>KARDON</subfield></datafield><datafield ind1=' ' ind2=' ' tag='ITM'><subfield code='r'>22307052630003811</subfield><subfield code='b'>1</subfield><subfield code='h'>0</subfield><subfield code='g'>p_remote</subfield><subfield code='t'>ISSUE</subfield><subfield code='9'>39074017813098</subfield><subfield code='e'>p_remote</subfield><subfield code='8'>23307052580003811</subfield><subfield code='c'>v.5 (1987)</subfield><subfield code='a'>2</subfield><subfield code='q'>2017-06-20 10:53:28</subfield><subfield code='i'>TK5981.I33x</subfield><subfield code='d'>KARDON</subfield><subfield code='f'>KARDON</subfield></datafield><datafield ind1=' ' ind2=' ' tag='ITM'><subfield code='r'>22307052630003811</subfield><subfield code='b'>1</subfield><subfield code='h'>0</subfield><subfield code='g'>p_remote</subfield><subfield code='t'>ISSUE</subfield><subfield code='9'>39074022897748</subfield><subfield code='e'>p_remote</subfield><subfield code='8'>23307052550003811</subfield><subfield code='c'>v.7 (1999)</subfield><subfield code='a'>2</subfield><subfield code='q'>2017-06-20 10:53:28</subfield><subfield code='i'>TK5981.I33x</subfield><subfield code='d'>KARDON</subfield><subfield code='f'>KARDON</subfield></datafield><datafield ind1=' ' ind2=' ' tag='ITM'><subfield code='r'>22307052630003811</subfield><subfield code='b'>1</subfield><subfield code='h'>0</subfield><subfield code='g'>p_remote</subfield><subfield code='t'>ISSUE</subfield><subfield code='9'>39074022897631</subfield><subfield code='e'>p_remote</subfield><subfield code='8'>23307052560003811</subfield><subfield code='c'>v.6 (1998)</subfield><subfield code='a'>2</subfield><subfield code='q'>2017-06-20 10:53:28</subfield><subfield code='i'>TK5981.I33x</subfield><subfield code='d'>KARDON</subfield><subfield code='f'>KARDON</subfield></datafield><datafield ind1=' ' ind2=' ' tag='ITM'><subfield code='r'>22307052630003811</subfield><subfield code='b'>1</subfield><subfield code='h'>0</subfield><subfield code='g'>p_remote</subfield><subfield code='t'>ISSUE</subfield><subfield code='9'>39074017813130</subfield><subfield code='e'>p_remote</subfield><subfield code='8'>23307052620003811</subfield><subfield code='c'>v.1 (1993)</subfield><subfield code='a'>2</subfield><subfield code='q'>2017-06-20 10:53:28</subfield><subfield code='i'>TK5981.I33x</subfield><subfield code='d'>KARDON</subfield><subfield code='f'>KARDON</subfield></datafield><datafield ind1=' ' ind2=' ' tag='ITM'><subfield code='r'>22307052630003811</subfield><subfield code='b'>1</subfield><subfield code='h'>0</subfield><subfield code='g'>p_remote</subfield><subfield code='t'>ISSUE</subfield><subfield code='9'>39074017813122</subfield><subfield code='e'>p_remote</subfield><subfield code='8'>23307052610003811</subfield><subfield code='c'>v.2 (1994)</subfield><subfield code='a'>2</subfield><subfield code='q'>2017-06-20 10:53:28</subfield><subfield code='i'>TK5981.I33x</subfield><subfield code='d'>KARDON</subfield><subfield code='f'>KARDON</subfield></datafield></record>