
<record xmlns='http://www.loc.gov/MARC21/slim'><leader>03203nasZZ2200697ZaZ4500</leader><controlfield tag='001'>991036737043003811</controlfield><controlfield tag='005'>20180328121940.0</controlfield><controlfield tag='006'>m-----o--d--------</controlfield><controlfield tag='007'>cr-cnu||||||||</controlfield><controlfield tag='008'>051101d20062013njubx-pso-----0---a0eng-c</controlfield><datafield ind1=' ' ind2=' ' tag='010'><subfield code='a'>  2005215814</subfield></datafield><datafield ind1=' ' ind2=' ' tag='022'><subfield code='a'>1558-7924</subfield></datafield><datafield ind1=' ' ind2=' ' tag='035'><subfield code='a'>(OCoLC)62197773</subfield></datafield><datafield ind1=' ' ind2=' ' tag='035'><subfield code='a'>(CKB)1000000000210663</subfield></datafield><datafield ind1=' ' ind2=' ' tag='035'><subfield code='a'>(CONSER)--2005215814</subfield></datafield><datafield ind1=' ' ind2=' ' tag='035'><subfield code='a'>(EXLCZ)991000000000210663</subfield></datafield><datafield ind1=' ' ind2=' ' tag='037'><subfield code='b'>IEEE, 445 Hoes Lane, Piscataway, NJ 08854-1331</subfield></datafield><datafield ind1=' ' ind2=' ' tag='042'><subfield code='a'>pcc</subfield><subfield code='a'>nsdp</subfield></datafield><datafield ind1='1' ind2='0' tag='050'><subfield code='a'>ISSN RECORD</subfield></datafield><datafield ind1='1' ind2='4' tag='050'><subfield code='a'>TK7882.S65</subfield></datafield><datafield ind1='0' ind2='0' tag='082'><subfield code='a'>621.382</subfield><subfield code='2'>20</subfield></datafield><datafield ind1='0' ind2=' ' tag='130'><subfield code='a'>IEEE transactions on audio, speech and language processing (Online)</subfield></datafield><datafield ind1=' ' ind2=' ' tag='210'><subfield code='a'>IEEE T AUDIO SPEECH</subfield></datafield><datafield ind1=' ' ind2=' ' tag='210'><subfield code='a'>IEEE TRANS AUDIO SPEECH LANG PROCESSING</subfield></datafield><datafield ind1=' ' ind2=' ' tag='210'><subfield code='a'>AUDIO, SPEECH, AND LANGUAGE PROCESSING, IEEE TRANSACTIONS ON</subfield></datafield><datafield ind1=' ' ind2=' ' tag='210'><subfield code='a'>IEEE TRANS. AUDIO SPEECH LANG. PROCESS</subfield></datafield><datafield ind1='0' ind2=' ' tag='210'><subfield code='a'>IEEE trans. audio speech lang. process.</subfield></datafield><datafield ind1='0' ind2=' ' tag='210'><subfield code='a'>IEEE trans. audio speech lang. process.</subfield><subfield code='b'>(Online)</subfield></datafield><datafield ind1=' ' ind2='0' tag='222'><subfield code='a'>IEEE transactions on audio, speech and language processing</subfield><subfield code='b'>(Online)</subfield></datafield><datafield ind1='1' ind2='0' tag='245'><subfield code='a'>IEEE transactions on audio, speech and language processing.</subfield></datafield><datafield ind1=' ' ind2=' ' tag='246'><subfield code='a'>IEEE transactions on audio, speech and language processing</subfield></datafield><datafield ind1=' ' ind2=' ' tag='246'><subfield code='a'>IEEE transactions on audio, speech, and language processing</subfield></datafield><datafield ind1='3' ind2='0' tag='246'><subfield code='a'>Transactions on audio, speech, and language processing</subfield></datafield><datafield ind1='3' ind2='0' tag='246'><subfield code='a'>Audio, speech, and language processing</subfield></datafield><datafield ind1=' ' ind2=' ' tag='246'><subfield code='a'>IEEE Transactions on Audio, Speech &amp; Language Processing</subfield></datafield><datafield ind1=' ' ind2=' ' tag='260'><subfield code='a'>Piscataway, N.J. :</subfield><subfield code='b'>IEEE</subfield></datafield><datafield ind1=' ' ind2=' ' tag='336'><subfield code='a'>text</subfield><subfield code='b'>txt</subfield><subfield code='2'>rdacontent</subfield></datafield><datafield ind1=' ' ind2=' ' tag='337'><subfield code='a'>computer</subfield><subfield code='b'>c</subfield><subfield code='2'>rdamedia</subfield></datafield><datafield ind1=' ' ind2=' ' tag='338'><subfield code='a'>online resource</subfield><subfield code='b'>cr</subfield><subfield code='2'>rdacarrier</subfield></datafield><datafield ind1='1' ind2=' ' tag='362'><subfield code='a'>Began with: Vol. 14, issue 1 (Jan. 2006).</subfield></datafield><datafield ind1='1' ind2=' ' tag='362'><subfield code='a'>Ceased with: Vol. 21, issue 12 (Dec. 2013).</subfield></datafield><datafield ind1=' ' ind2=' ' tag='500'><subfield code='a'>Title from table of contents page (IEEE Xplore, viewed Aug. 29, 2007).</subfield></datafield><datafield ind1=' ' ind2=' ' tag='538'><subfield code='a'>Mode of access: World Wide Web.</subfield></datafield><datafield ind1=' ' ind2=' ' tag='588'><subfield code='a'>Latest issue consulted: Vol. 21, issue 12 (Dec. 2013) (IEEE Xplore, viewed Jan. 13, 2015).</subfield></datafield><datafield ind1=' ' ind2=' ' tag='500'><subfield code='a'>Refereed/Peer-reviewed</subfield></datafield><datafield ind1=' ' ind2='0' tag='650'><subfield code='a'>Speech processing systems</subfield><subfield code='v'>Periodicals.</subfield></datafield><datafield ind1=' ' ind2='0' tag='650'><subfield code='a'>Electro-acoustics</subfield><subfield code='v'>Periodicals.</subfield></datafield><datafield ind1=' ' ind2='0' tag='650'><subfield code='a'>Signal processing</subfield><subfield code='x'>Digital techniques</subfield><subfield code='v'>Periodicals.</subfield></datafield><datafield ind1=' ' ind2='6' tag='650'><subfield code='a'>Traitement automatique de la parole</subfield><subfield code='v'>Périodiques.</subfield></datafield><datafield ind1=' ' ind2='6' tag='650'><subfield code='a'>Électroacoustique</subfield><subfield code='v'>Périodiques.</subfield></datafield><datafield ind1=' ' ind2='7' tag='650'><subfield code='a'>Electro-acoustics.</subfield><subfield code='2'>fast</subfield><subfield code='0'>(OCoLC)fst00906339</subfield></datafield><datafield ind1=' ' ind2='7' tag='650'><subfield code='a'>Signal processing</subfield><subfield code='x'>Digital techniques.</subfield><subfield code='2'>fast</subfield><subfield code='0'>(OCoLC)fst01118285</subfield></datafield><datafield ind1=' ' ind2='7' tag='650'><subfield code='a'>Speech processing systems.</subfield><subfield code='2'>fast</subfield><subfield code='0'>(OCoLC)fst01129243</subfield></datafield><datafield ind1=' ' ind2='7' tag='650'><subfield code='a'>Électroacoustique.</subfield><subfield code='2'>rasuqam</subfield></datafield><datafield ind1=' ' ind2='7' tag='650'><subfield code='a'>Traitement automatique de la parole.</subfield><subfield code='2'>rasuqam</subfield></datafield><datafield ind1=' ' ind2='7' tag='650'><subfield code='a'>Traitement du signal.</subfield><subfield code='2'>rasuqam</subfield></datafield><datafield ind1=' ' ind2='7' tag='655'><subfield code='a'>Periodicals.</subfield><subfield code='2'>fast</subfield><subfield code='0'>(OCoLC)fst01411641</subfield></datafield><datafield ind1='2' ind2=' ' tag='710'><subfield code='a'>Institute of Electrical and Electronics Engineers.</subfield></datafield><datafield ind1='0' ind2='0' tag='785'><subfield code='t'>IEEE/ACM transactions on audio, speech, and language processing</subfield><subfield code='w'>(CKB)2560000000110371</subfield><subfield code='w'>(DLC)2013203345</subfield><subfield code='w'>(OCoLC)852251739</subfield><subfield code='x'>2329-9304</subfield></datafield><datafield ind1='0' ind2='0' tag='780'><subfield code='t'>IEEE transactions on speech and audio processinga publication of the IEEE Signal Processing Society</subfield><subfield code='w'>(CKB)954925599641</subfield><subfield code='w'>(DLC)2005212494</subfield><subfield code='w'>(OCoLC)60638473</subfield><subfield code='x'>1558-2353</subfield></datafield><datafield ind1=' ' ind2=' ' tag='776'><subfield code='x'>1558-7916</subfield></datafield><datafield ind1=' ' ind2=' ' tag='906'><subfield code='a'>JOURNAL</subfield></datafield><datafield ind1=' ' ind2=' ' tag='ADM'><subfield code='b'>2018-03-30 07:42:44</subfield><subfield code='e'>991000000000210663</subfield><subfield code='d'>NON_SFX</subfield><subfield code='f'>20160415025241.7</subfield><subfield code='a'>2012-02-26 01:47:54</subfield><subfield code='c'>false</subfield></datafield><datafield ind1=' ' ind2=' ' tag='PRT'><subfield code='a'>53350004550003811</subfield><subfield code='b'>https://sandbox01-na.alma.exlibrisgroup.com/view/uresolver/01TULI_INST/openurl?u.ignore_date_coverage=true&amp;rft.mms_id=991036737043003811</subfield><subfield code='e'>IEEE Xplore</subfield><subfield code='g'> Available from 2006 volume: 14 issue: 1 until 2013 volume: 21 issue: 12.</subfield><subfield code='9'>Available</subfield><subfield code='c'>IEEE/IET Electronic Library (IEL) Journals</subfield><subfield code='h'>61110982940858951</subfield><subfield code='8'>53350004550003811</subfield></datafield></record>