
<record xmlns='http://www.loc.gov/MARC21/slim'><leader>04434cam a2200661Ia 4500</leader><controlfield tag='005'>20150320070554.9</controlfield><controlfield tag='006'>m     o  d        </controlfield><controlfield tag='007'>cr cn|||||||||</controlfield><controlfield tag='008'>081117s2008    gw a    ob    001 0 eng d</controlfield><controlfield tag='001'>991020486389703811</controlfield><datafield ind1=' ' ind2=' ' tag='020'><subfield code='a'>9783540706021</subfield></datafield><datafield ind1=' ' ind2=' ' tag='020'><subfield code='a'>354070602X</subfield></datafield><datafield ind1=' ' ind2=' ' tag='020'><subfield code='a'>3540706011 (Cloth)</subfield></datafield><datafield ind1=' ' ind2=' ' tag='020'><subfield code='a'>9783540706014 (Cloth)</subfield></datafield><datafield ind1=' ' ind2=' ' tag='035'><subfield code='a'>(PPT)b49682726-01tuli_inst</subfield></datafield><datafield ind1=' ' ind2=' ' tag='035'><subfield code='a'>(OCoLC)272334703</subfield><subfield code='z'>(OCoLC)301805001</subfield><subfield code='z'>(OCoLC)443699868</subfield><subfield code='z'>(OCoLC)495279237</subfield><subfield code='z'>(OCoLC)646040470</subfield><subfield code='z'>(OCoLC)698465230</subfield></datafield><datafield ind1=' ' ind2=' ' tag='037'><subfield code='a'>978-3-540-70601-4</subfield><subfield code='b'>Springer</subfield><subfield code='n'>http://www.springerlink.com</subfield></datafield><datafield ind1=' ' ind2=' ' tag='040'><subfield code='a'>GW5XE</subfield><subfield code='b'>eng</subfield><subfield code='e'>pn</subfield><subfield code='c'>GW5XE</subfield><subfield code='d'>VPI</subfield><subfield code='d'>CEF</subfield><subfield code='d'>OCLCQ</subfield><subfield code='d'>LEAUB</subfield><subfield code='d'>EBLCP</subfield><subfield code='d'>N$T</subfield><subfield code='d'>MND</subfield><subfield code='d'>NUI</subfield><subfield code='d'>STF</subfield><subfield code='d'>UAB</subfield><subfield code='d'>E7B</subfield><subfield code='d'>IDEBK</subfield><subfield code='d'>OCLCQ</subfield><subfield code='d'>A7U</subfield><subfield code='d'>OCLCQ</subfield><subfield code='d'>OCLCF</subfield><subfield code='d'>BEDGE</subfield><subfield code='d'>OCLCQ</subfield><subfield code='d'>COO</subfield></datafield><datafield ind1=' ' ind2=' ' tag='049'><subfield code='a'>TEUU</subfield></datafield><datafield ind1=' ' ind2='7' tag='072'><subfield code='a'>COM</subfield><subfield code='x'>031000</subfield><subfield code='2'>bisacsh</subfield></datafield><datafield ind1=' ' ind2='7' tag='072'><subfield code='a'>TEC</subfield><subfield code='x'>067000</subfield><subfield code='2'>bisacsh</subfield></datafield><datafield ind1=' ' ind2=' ' tag='090'><subfield code='a'>TK5102.9</subfield><subfield code='b'>.S685 2008eb</subfield></datafield><datafield ind1='0' ind2='0' tag='245'><subfield code='a'>Speech and audio processing in adverse environments</subfield><subfield code='h'>[electronic resource] /</subfield><subfield code='c'>Eberhard Hänsler, Gerhard Schmidt, editors.</subfield></datafield><datafield ind1=' ' ind2=' ' tag='260'><subfield code='a'>Berlin :</subfield><subfield code='b'>Springer-Verlag,</subfield><subfield code='c'>2008.</subfield></datafield><datafield ind1=' ' ind2=' ' tag='300'><subfield code='a'>1 online resource (xx, 735 pages) :</subfield><subfield code='b'>illustrations.</subfield></datafield><datafield ind1=' ' ind2=' ' tag='336'><subfield code='a'>text</subfield><subfield code='b'>txt</subfield><subfield code='2'>rdacontent</subfield></datafield><datafield ind1=' ' ind2=' ' tag='337'><subfield code='a'>computer</subfield><subfield code='b'>c</subfield><subfield code='2'>rdamedia</subfield></datafield><datafield ind1=' ' ind2=' ' tag='338'><subfield code='a'>online resource</subfield><subfield code='b'>cr</subfield><subfield code='2'>rdacarrier</subfield></datafield><datafield ind1='1' ind2=' ' tag='490'><subfield code='a'>Signals and communication technology,</subfield><subfield code='x'>1860-4862</subfield></datafield><datafield ind1=' ' ind2=' ' tag='504'><subfield code='a'>Includes bibliographical references and index.</subfield></datafield><datafield ind1='0' ind2=' ' tag='505'><subfield code='a'>Introduction -- Part 1 : Speech enhancement. Low delay filter-banks for speech and audio processing / H.W. Löllmann, P. Vary ; A pre-filter for hands-free car phone noise reduction : suppression of harmonic engine noise components / H. Puder ; Model-based speech enhancement / M. Krini, G. Schmidt ; Bandwidth extension of telephony speech / B. Iser, G. Schmidt ; Dereverberation and residual echo suppression in noisy environments / E.A.P. Habets, S. Gannot, I. Cohen ; Low distortion noise cancellers : revival of a classical technique / A. Sugiyama -- Part 2 : Echo cancellation. Nonlinear echo cancellation based on spectral shaping / O. Hoshuyama, A. Sugiyama -- Part 3 : Signal and system quality evaluation. Telephone-speech quality / U. Heute ; Evaluation of hands-free terminals / F. Kettler, H.-W. Gierlich -- Part 4 : Multi-channel processing. Correlation-based TDOA-estimation for multiple sources in reverberant environments / J. Scheuing, B. Yang ; Microphone calibration for multi-channel signal processing / M. Buck, T. Haulick, H.-J. Pfleiderer ; Convolutive blind source separation for noisy mixtures / R. Aichner, H. Buchner, W. Kellermann ; Binaural speech segregation / N. Roman, D.L. Wang ; Spatio-temporal adaptive inverse filtering in the wave domain / S. Spors, H. Buchner, R. Rabenstein -- Part 5 : Selected applications. Virtual hearing / K. Wiklund, S. Haykin ; Dynamic sound control algorithms in automobiles / M. Christoph ; Towards robust distant-talking automatic speech recognition in reverberant environments / A. Sehr, W. Kellermann.</subfield></datafield><datafield ind1='0' ind2=' ' tag='588'><subfield code='a'>Print version record.</subfield></datafield><datafield ind1=' ' ind2=' ' tag='590'><subfield code='a'>Access is available to the Temple Community through use of a networked computer with a Temple IP address.</subfield></datafield><datafield ind1=' ' ind2='0' tag='650'><subfield code='a'>Signal processing.</subfield></datafield><datafield ind1=' ' ind2='0' tag='650'><subfield code='a'>Acoustical engineering.</subfield></datafield><datafield ind1=' ' ind2='0' tag='650'><subfield code='a'>Noise control.</subfield></datafield><datafield ind1=' ' ind2='0' tag='650'><subfield code='a'>Echo suppression (Telecommunication)</subfield></datafield><datafield ind1='2' ind2='4' tag='650'><subfield code='a'>Signal, Image and Speech Processing.</subfield></datafield><datafield ind1=' ' ind2='7' tag='650'><subfield code='a'>COMPUTERS</subfield><subfield code='x'>Information Theory.</subfield><subfield code='2'>bisacsh</subfield></datafield><datafield ind1=' ' ind2='7' tag='650'><subfield code='a'>TECHNOLOGY &amp; ENGINEERING</subfield><subfield code='x'>Signals &amp; Signal Processing.</subfield><subfield code='2'>bisacsh</subfield></datafield><datafield ind1=' ' ind2='7' tag='650'><subfield code='a'>Ingénierie.</subfield><subfield code='2'>eclas</subfield></datafield><datafield ind1=' ' ind2='7' tag='650'><subfield code='a'>Acoustical engineering.</subfield><subfield code='2'>fast</subfield><subfield code='0'>(OCoLC)fst00795936</subfield></datafield><datafield ind1=' ' ind2='7' tag='650'><subfield code='a'>Echo suppression (Telecommunication)</subfield><subfield code='2'>fast</subfield><subfield code='0'>(OCoLC)fst00901392</subfield></datafield><datafield ind1=' ' ind2='7' tag='650'><subfield code='a'>Noise control.</subfield><subfield code='2'>fast</subfield><subfield code='0'>(OCoLC)fst01038383</subfield></datafield><datafield ind1=' ' ind2='7' tag='650'><subfield code='a'>Signal processing.</subfield><subfield code='2'>fast</subfield><subfield code='0'>(OCoLC)fst01118281</subfield></datafield><datafield ind1=' ' ind2='4' tag='655'><subfield code='a'>Electronic books.</subfield></datafield><datafield ind1=' ' ind2='7' tag='655'><subfield code='a'>Electronic books.</subfield><subfield code='2'>local</subfield></datafield><datafield ind1='1' ind2=' ' tag='700'><subfield code='a'>Hänsler, E.</subfield><subfield code='q'>(Eberhard)</subfield></datafield><datafield ind1='1' ind2=' ' tag='700'><subfield code='a'>Schmidt, Gerhard,</subfield><subfield code='c'>Dipl.-Ing.</subfield></datafield><datafield ind1='2' ind2=' ' tag='710'><subfield code='a'>SpringerLink (Online service)</subfield></datafield><datafield ind1='0' ind2='8' tag='776'><subfield code='i'>Print version:</subfield><subfield code='t'>Speech and audio processing in adverse environments.</subfield><subfield code='d'>Berlin : Springer, ©2008</subfield><subfield code='z'>9783540706014</subfield><subfield code='z'>3540706011</subfield><subfield code='w'>(OCoLC)233934990</subfield></datafield><datafield ind1=' ' ind2='0' tag='830'><subfield code='a'>Signals and communication technology.</subfield></datafield><datafield ind1='4' ind2='0' tag='856'><subfield code='z'>Access full text online.</subfield><subfield code='u'>http://libproxy.temple.edu/login?url=http://link.springer.com/10.1007/978-3-540-70602-1</subfield></datafield><datafield ind1=' ' ind2=' ' tag='907'><subfield code='a'>.b49682726</subfield><subfield code='b'>w    </subfield><subfield code='c'>-</subfield></datafield><datafield ind1=' ' ind2=' ' tag='902'><subfield code='a'>170601</subfield></datafield><datafield ind1=' ' ind2=' ' tag='998'><subfield code='b'>0</subfield><subfield code='c'>110925</subfield><subfield code='d'>m</subfield><subfield code='e'>@</subfield><subfield code='f'>-</subfield><subfield code='g'>0</subfield></datafield><datafield ind1=' ' ind2=' ' tag='902'><subfield code='a'>SpringerLink 2015-09-30</subfield></datafield><datafield ind1=' ' ind2=' ' tag='945'><subfield code='l'>w    </subfield><subfield code='g'>1</subfield></datafield><datafield ind1=' ' ind2=' ' tag='ADM'><subfield code='e'>b49682726-01tuli_inst</subfield><subfield code='d'>ILS</subfield><subfield code='a'>2017-06-20 06:04:58</subfield><subfield code='c'>false</subfield></datafield><datafield ind1=' ' ind2=' ' tag='PRT'><subfield code='a'>53374009550003811</subfield><subfield code='b'>https://sandbox01-na.alma.exlibrisgroup.com/view/uresolver/01TULI_INST/openurl?u.ignore_date_coverage=true&amp;rft.mms_id=991020486389703811</subfield><subfield code='f'>Access full text online.</subfield><subfield code='9'>Available</subfield><subfield code='d'>MAIN</subfield><subfield code='c'>SpringerLink Ebooks</subfield><subfield code='8'>53374009550003811</subfield></datafield></record>