
<record xmlns='http://www.loc.gov/MARC21/slim'><leader>01143nam  2200289Ia 4500</leader><controlfield tag='001'>991036749546803811</controlfield><controlfield tag='005'>20170814191008.0</controlfield><controlfield tag='006'>m     o  d |      </controlfield><controlfield tag='007'>cr -n---------</controlfield><controlfield tag='008'>090609s2010    flua    ob    001 0 eng d</controlfield><datafield ind1=' ' ind2=' ' tag='010'><subfield code='z'>  2009022327</subfield></datafield><datafield ind1=' ' ind2=' ' tag='020'><subfield code='a'>1-315-21983-2</subfield></datafield><datafield ind1=' ' ind2=' ' tag='020'><subfield code='a'>1-282-34414-5</subfield></datafield><datafield ind1=' ' ind2=' ' tag='020'><subfield code='a'>1-4200-4607-1</subfield></datafield><datafield ind1=' ' ind2=' ' tag='020'><subfield code='a'>9786612344145</subfield></datafield><datafield ind1=' ' ind2=' ' tag='035'><subfield code='a'>(CKB)2560000000008061</subfield></datafield><datafield ind1=' ' ind2=' ' tag='035'><subfield code='a'>(EBL)565984</subfield></datafield><datafield ind1=' ' ind2=' ' tag='035'><subfield code='a'>(OCoLC)664233811</subfield></datafield><datafield ind1=' ' ind2=' ' tag='035'><subfield code='a'>(SSID)ssj0000294020</subfield></datafield><datafield ind1=' ' ind2=' ' tag='035'><subfield code='a'>(PQKBManifestationID)11225515</subfield></datafield><datafield ind1=' ' ind2=' ' tag='035'><subfield code='a'>(PQKBTitleCode)TC0000294020</subfield></datafield><datafield ind1=' ' ind2=' ' tag='035'><subfield code='a'>(PQKBWorkID)10302970</subfield></datafield><datafield ind1=' ' ind2=' ' tag='035'><subfield code='a'>(PQKB)10198734</subfield></datafield><datafield ind1=' ' ind2=' ' tag='035'><subfield code='a'>(MiAaPQ)EBC565984</subfield></datafield><datafield ind1=' ' ind2=' ' tag='035'><subfield code='a'>(EXLCZ)992560000000008061</subfield></datafield><datafield ind1=' ' ind2=' ' tag='040'><subfield code='a'>MiAaPQ</subfield><subfield code='c'>MiAaPQ</subfield><subfield code='d'>MiAaPQ</subfield></datafield><datafield ind1=' ' ind2=' ' tag='041'><subfield code='a'>eng</subfield></datafield><datafield ind1=' ' ind2='4' tag='050'><subfield code='a'>TK5102.9</subfield><subfield code='b'>.D4485 2010</subfield></datafield><datafield ind1='0' ind2='0' tag='082'><subfield code='a'>621.382/2</subfield><subfield code='a'>621.3822</subfield></datafield><datafield ind1='1' ind2=' ' tag='100'><subfield code='a'>Madisetti, Vijay.</subfield></datafield><datafield ind1=' ' ind2=' ' tag='210'><subfield code='a'>DIGITAL SIGNAL PROCESSING HANDBOOK</subfield></datafield><datafield ind1='0' ind2='4' tag='245'><subfield code='a'>The digital signal processing handbook</subfield><subfield code='h'>[electronic resource] :</subfield><subfield code='b'>digital signal processing fundamentals /</subfield><subfield code='c'>editor-in-chief, Vijay K. Madisetti.</subfield></datafield><datafield ind1=' ' ind2=' ' tag='246'><subfield code='a'>Digital Signal Processing Handbook, Second Edition </subfield></datafield><datafield ind1=' ' ind2=' ' tag='246'><subfield code='a'>The Digital Signal Processing Handbook, Second Edition</subfield></datafield><datafield ind1=' ' ind2=' ' tag='246'><subfield code='a'>digital signal processing handbook : digital signal processing fundamentals {The electrical engineering handbook series}</subfield></datafield><datafield ind1=' ' ind2=' ' tag='246'><subfield code='a'>Digital Signal Processing Fundamentals</subfield></datafield><datafield ind1=' ' ind2=' ' tag='250'><subfield code='a'>2nd ed.</subfield></datafield><datafield ind1=' ' ind2=' ' tag='260'><subfield code='a'>Boca Raton, FL :</subfield><subfield code='b'>CRC Press,</subfield><subfield code='c'>2010.</subfield></datafield><datafield ind1=' ' ind2=' ' tag='300'><subfield code='a'>1 online resource (906 p.)</subfield></datafield><datafield ind1=' ' ind2=' ' tag='336'><subfield code='a'>text</subfield><subfield code='b'>txt</subfield></datafield><datafield ind1=' ' ind2=' ' tag='337'><subfield code='a'>computer</subfield><subfield code='b'>c</subfield></datafield><datafield ind1=' ' ind2=' ' tag='338'><subfield code='a'>online resource</subfield><subfield code='b'>cr</subfield></datafield><datafield ind1='1' ind2=' ' tag='490'><subfield code='a'>Electrical engineering handbook series</subfield></datafield><datafield ind1=' ' ind2=' ' tag='500'><subfield code='a'>Description based upon print version of record.</subfield></datafield><datafield ind1='0' ind2=' ' tag='505'><subfield code='a'>Front cover; Contents; Preface; Editor; Contributors; Part I: Signals and Systems; Chapter 1. Fourier Methods for Signal Analysis and Processing; Chapter 2. Ordinary Linear Differential and Difference Equations; Chapter 3. Finite Wordlength Effects; Part II: Signal Representation and Quantization; Chapter 4. On Multidimensional Sampling; Chapter 5. Analog-to-DIgital Conversion Architectures; Chapter 6. Quantization of Discrete Time Signals; Part III: Fast Algorithms and Structures; Chapter 7. Fast Fourier Transforms: A Tutorial Review and State of the Art*</subfield></datafield><datafield ind1='8' ind2=' ' tag='505'><subfield code='a'>Chapter 8. Fast Convolution and FilteringChapter 9. Complexity Theory of Transforms in Signal Processing; Chapter 10. Fast Matrix Computations; Part IV: Digital Filtering; Chapter 11. Digital Filtering; Part V: Statistical Signal Processing; Chapter 12. Overview of Statistical Signal Processing; Chapter 13. Signal Detection and Classification; Chapter 14. Spectrum Estimation and Modeling; Chapter 15. Estimation Theory and Algorithms: From Gauss to Wiener to Kalman; Chapter 16. Validation, Testing, and Noise Modeling; Chapter 17. Cyclostationary Signal Analysis; Part VI: Adaptive Filtering</subfield></datafield><datafield ind1='8' ind2=' ' tag='505'><subfield code='a'>Chapter 18. Introduction to Adaptive FiltersChapter 19. Convergence Issues in the LMS Adaptive Filter; Chapter 20. Robustness Issues in Adaptive Filtering; Chapter 21. Recrusive Least-Squares Adaptive Filters; Chapter 22. Transform Domain Adaptive Filtering; Chapter 23. Adaptive IIR Filters; Chapter 24. Adaptive Filters for Blind Equalization; Part VII. Inverse Problems and Signal Reconstruction; Chapter 25. Signal Recovery from Partial Information; Chapter 26. Algorithms for Computed Tomography; Chapter 27. Robust Speech Processing as an Inverse Problem</subfield></datafield><datafield ind1='8' ind2=' ' tag='505'><subfield code='a'>Chapter 28. Inverse Problems, Statistical Mechanics, and Simulated AnnealingChapter 29. Image Recovery Using the EM Algorithm; Chapter 30. Inverse Problems in Array Processing; Chapter 31. Channel Equalization as a Regularized Inverse Problem; Chapter 32. Inverse Problems in Microphone Arrays; Chapter 33. Synthetic Aperture Radar Algorithms; Chapter 34. Iterative Image Restoration Algorithms; Part VIII: Time-Frequency and Multirate Signal Processing; Chapter 35. Wavelets and Filter Banks; Chapter 36. Filter Bank Design; Chapter 37. Time-Varying Analysis-Synthesis Filter Banks</subfield></datafield><datafield ind1='8' ind2=' ' tag='505'><subfield code='a'>Chapter 38. Lapped TransformsIndex; Back cover</subfield></datafield><datafield ind1=' ' ind2=' ' tag='520'><subfield code='a'>Now available in a three-volume set, this updated and expanded edition of the bestselling The Digital Signal Processing Handbook continues to provide the engineering community with authoritative coverage of the fundamental and specialized aspects of information-bearing signals in digital form. Encompassing essential background material, technical details, standards, and software, the second edition reflects cutting-edge information on signal processing algorithms and protocols related to speech, audio, multimedia, and video processing technology associated with standards ranging fr</subfield></datafield><datafield ind1=' ' ind2=' ' tag='546'><subfield code='a'>English</subfield></datafield><datafield ind1=' ' ind2=' ' tag='504'><subfield code='a'>Includes bibliographical references and index.</subfield></datafield><datafield ind1=' ' ind2='0' tag='650'><subfield code='a'>Signal processing</subfield><subfield code='x'>Digital techniques.</subfield></datafield><datafield ind1=' ' ind2='0' tag='650'><subfield code='a'>Signal theory (Telecommunication)</subfield></datafield><datafield ind1=' ' ind2='4' tag='655'><subfield code='a'>Electronic books.</subfield></datafield><datafield ind1='1' ind2=' ' tag='700'><subfield code='a'>Madisetti, V.</subfield><subfield code='q'>(Vijay)</subfield></datafield><datafield ind1=' ' ind2=' ' tag='776'><subfield code='z'>1-4200-4606-3</subfield></datafield><datafield ind1=' ' ind2='4' tag='830'><subfield code='a'>The Digital Signal Processing Handbook, Second Edition</subfield></datafield><datafield ind1=' ' ind2=' ' tag='906'><subfield code='a'>BOOK</subfield></datafield><datafield ind1=' ' ind2=' ' tag='ADM'><subfield code='b'>2018-02-25 22:05:07</subfield><subfield code='e'>992560000000008061</subfield><subfield code='d'>NON_SFX</subfield><subfield code='f'>20160803134623.0</subfield><subfield code='a'>2012-02-26 02:04:21</subfield><subfield code='c'>false</subfield></datafield><datafield ind1=' ' ind2=' ' tag='PRT'><subfield code='a'>53353639090003811</subfield><subfield code='b'>https://sandbox01-na.alma.exlibrisgroup.com/view/uresolver/01TULI_INST/openurl?u.ignore_date_coverage=true&amp;rft.mms_id=991036749546803811</subfield><subfield code='e'>CRC_NETBASE</subfield><subfield code='9'>Available</subfield><subfield code='c'>ENGnetBASE</subfield><subfield code='h'>61111082146981000</subfield><subfield code='8'>53353639090003811</subfield></datafield><datafield ind1=' ' ind2=' ' tag='PRT'><subfield code='a'>53354525050003811</subfield><subfield code='b'>https://sandbox01-na.alma.exlibrisgroup.com/view/uresolver/01TULI_INST/openurl?u.ignore_date_coverage=true&amp;rft.mms_id=991036749546803811</subfield><subfield code='e'>CRC_NETBASE</subfield><subfield code='9'>Available</subfield><subfield code='c'>ElectricalEngineeringnetBASE</subfield><subfield code='h'>611000000000001877</subfield><subfield code='8'>53354525050003811</subfield></datafield></record>