
<record xmlns='http://www.loc.gov/MARC21/slim'><leader>02939nam a22004935i 4500</leader><controlfield tag='001'>991036882595303811</controlfield><controlfield tag='005'>20171027032112.0</controlfield><controlfield tag='007'>cr nn 008mamaa</controlfield><controlfield tag='008'>171027s2018    si |    o    |||| 0|eng d</controlfield><datafield ind1=' ' ind2=' ' tag='020'><subfield code='a'>981-10-3229-7</subfield></datafield><datafield ind1='7' ind2=' ' tag='024'><subfield code='a'>10.1007/978-981-10-3229-5</subfield><subfield code='2'>doi</subfield></datafield><datafield ind1=' ' ind2=' ' tag='035'><subfield code='a'>(CKB)4100000000881570</subfield></datafield><datafield ind1=' ' ind2=' ' tag='035'><subfield code='a'>(DE-He213)978-981-10-3229-5</subfield></datafield><datafield ind1=' ' ind2=' ' tag='035'><subfield code='a'>(EXLCZ)994100000000881570</subfield></datafield><datafield ind1=' ' ind2='4' tag='050'><subfield code='a'>TK1-9971</subfield></datafield><datafield ind1=' ' ind2='7' tag='072'><subfield code='a'>TJK</subfield><subfield code='2'>bicssc</subfield></datafield><datafield ind1=' ' ind2='7' tag='072'><subfield code='a'>TEC041000</subfield><subfield code='2'>bisacsh</subfield></datafield><datafield ind1='0' ind2='4' tag='082'><subfield code='a'>621.382</subfield><subfield code='2'>23</subfield></datafield><datafield ind1='1' ind2='0' tag='245'><subfield code='a'>Communications, Signal Processing, and Systems</subfield><subfield code='h'>[electronic resource] :</subfield><subfield code='b'>Proceedings of the 2016 International Conference on Communications, Signal Processing, and Systems /</subfield><subfield code='c'>edited by Qilian Liang, Jiasong Mu, Wei Wang, Baoju Zhang.</subfield></datafield><datafield ind1=' ' ind2='1' tag='264'><subfield code='a'>Singapore :</subfield><subfield code='b'>Springer Singapore :</subfield><subfield code='b'>Imprint: Springer,</subfield><subfield code='c'>2018.</subfield></datafield><datafield ind1=' ' ind2=' ' tag='300'><subfield code='a'>1 online resource (XXII, 1046 p. 497 illus.) </subfield></datafield><datafield ind1=' ' ind2=' ' tag='336'><subfield code='a'>text</subfield><subfield code='b'>txt</subfield><subfield code='2'>rdacontent</subfield></datafield><datafield ind1=' ' ind2=' ' tag='337'><subfield code='a'>computer</subfield><subfield code='b'>c</subfield><subfield code='2'>rdamedia</subfield></datafield><datafield ind1=' ' ind2=' ' tag='338'><subfield code='a'>online resource</subfield><subfield code='b'>cr</subfield><subfield code='2'>rdacarrier</subfield></datafield><datafield ind1=' ' ind2=' ' tag='347'><subfield code='a'>text file</subfield><subfield code='b'>PDF</subfield><subfield code='2'>rda</subfield></datafield><datafield ind1='1' ind2=' ' tag='490'><subfield code='a'>Lecture Notes in Electrical Engineering,</subfield><subfield code='x'>1876-1100 ;</subfield><subfield code='v'>423</subfield></datafield><datafield ind1='0' ind2=' ' tag='505'><subfield code='a'>Wireless communications -- Wireless networks -- Internet of Things -- Wireless sensor networks -- Signal processing for communications and networking -- Audio and acoustic signal processing -- Bio imaging and signal processing -- Machine learning for signal processing -- Sensor array and multichannel signal processing -- Design and implementation of signal processing systems -- Circuits and Systems for Communications -- Neural Networks and Systems -- Fuzzy Logic Systems -- Nonlinear Systems for Communications and Signal Processing.</subfield></datafield><datafield ind1=' ' ind2=' ' tag='520'><subfield code='a'>This book brings together papers presented at the 2016 International Conference on Communications, Signal Processing, and Systems, which provides a venue to disseminate the latest developments and to discuss the interactions and links between these multidisciplinary fields. Spanning topics ranging from communications to signal processing and systems, this book is aimed at undergraduate and graduate students in electrical engineering, computer science and mathematics, researchers and engineers from academia and industry as well as government employees (such as NSF, DOD and DOE).</subfield></datafield><datafield ind1=' ' ind2='0' tag='650'><subfield code='a'>Engineering.</subfield></datafield><datafield ind1=' ' ind2='0' tag='650'><subfield code='a'>Electrical engineering.</subfield></datafield><datafield ind1=' ' ind2='0' tag='650'><subfield code='a'>Electronic circuits.</subfield></datafield><datafield ind1='1' ind2='4' tag='650'><subfield code='a'>Engineering.</subfield></datafield><datafield ind1='2' ind2='4' tag='650'><subfield code='a'>Communications Engineering, Networks.</subfield></datafield><datafield ind1='2' ind2='4' tag='650'><subfield code='a'>Circuits and Systems.</subfield></datafield><datafield ind1='2' ind2='4' tag='650'><subfield code='a'>Signal, Image and Speech Processing.</subfield></datafield><datafield ind1=' ' ind2=' ' tag='776'><subfield code='z'>981-10-3228-9</subfield></datafield><datafield ind1='1' ind2=' ' tag='700'><subfield code='a'>Liang, Qilian.</subfield><subfield code='e'>editor.</subfield></datafield><datafield ind1='1' ind2=' ' tag='700'><subfield code='a'>Mu, Jiasong.</subfield><subfield code='e'>editor.</subfield></datafield><datafield ind1='1' ind2=' ' tag='700'><subfield code='a'>Wang, Wei.</subfield><subfield code='e'>editor.</subfield></datafield><datafield ind1='1' ind2=' ' tag='700'><subfield code='a'>Zhang, Baoju.</subfield><subfield code='e'>editor.</subfield></datafield><datafield ind1=' ' ind2='0' tag='830'><subfield code='a'>Lecture Notes in Electrical Engineering,</subfield><subfield code='x'>1876-1100 ;</subfield><subfield code='v'>423</subfield></datafield><datafield ind1=' ' ind2=' ' tag='906'><subfield code='a'>BOOK</subfield></datafield><datafield ind1=' ' ind2=' ' tag='PRT'><subfield code='a'>53426943000003811</subfield><subfield code='b'>https://sandbox01-na.alma.exlibrisgroup.com/view/uresolver/01TULI_INST/openurl?u.ignore_date_coverage=true&amp;rft.mms_id=991036882595303811</subfield><subfield code='e'>Springer Link</subfield><subfield code='c'>SpringerLINK eBooks - English/International Collection (2018)</subfield><subfield code='h'>613810000000000405</subfield><subfield code='8'>53426943000003811</subfield></datafield></record>