
<record xmlns='http://www.loc.gov/MARC21/slim'><leader>04910cam a2200457 a 4500</leader><controlfield tag='005'>20170825165003.0</controlfield><controlfield tag='008'>090609s2010    flua     b    001 0 eng  </controlfield><controlfield tag='001'>991006254279703811</controlfield><datafield ind1=' ' ind2=' ' tag='010'><subfield code='a'>2009022327</subfield></datafield><datafield ind1=' ' ind2=' ' tag='020'><subfield code='a'>9781420046069 (alk. paper)</subfield></datafield><datafield ind1=' ' ind2=' ' tag='020'><subfield code='a'>1420046063 (alk. paper)</subfield></datafield><datafield ind1=' ' ind2=' ' tag='035'><subfield code='a'>(PPT)b44833143-01tuli_inst</subfield></datafield><datafield ind1=' ' ind2=' ' tag='035'><subfield code='a'>(OCoLC)ocn703842471</subfield><subfield code='9'>ExL</subfield></datafield><datafield ind1=' ' ind2=' ' tag='035'><subfield code='a'>(OCoLC)150381336</subfield><subfield code='z'>(OCoLC)489622498</subfield></datafield><datafield ind1=' ' ind2=' ' tag='035'><subfield code='a'>ocn150381336</subfield></datafield><datafield ind1=' ' ind2=' ' tag='035'><subfield code='a'>(OCLC)ocn150381336</subfield></datafield><datafield ind1=' ' ind2=' ' tag='040'><subfield code='a'>DLC</subfield><subfield code='b'>eng</subfield><subfield code='c'>DLC</subfield><subfield code='d'>YDX</subfield><subfield code='d'>OCLCQ</subfield><subfield code='d'>DEBBG</subfield><subfield code='d'>UNA</subfield><subfield code='d'>NDD</subfield><subfield code='d'>UKM</subfield><subfield code='d'>IG#</subfield><subfield code='d'>CDX</subfield></datafield><datafield ind1=' ' ind2=' ' tag='049'><subfield code='a'>IG$A</subfield></datafield><datafield ind1=' ' ind2=' ' tag='079'><subfield code='a'>ocn150381336</subfield></datafield><datafield ind1=' ' ind2=' ' tag='090'><subfield code='a'>TK5102.9</subfield><subfield code='b'>.D5335 2010</subfield></datafield><datafield ind1='0' ind2='0' tag='245'><subfield code='a'>Digital signal processing fundamentals /</subfield><subfield code='c'>editor-in-chief, Vijay K. Madisetti.</subfield></datafield><datafield ind1=' ' ind2=' ' tag='250'><subfield code='a'>2nd ed.</subfield></datafield><datafield ind1=' ' ind2=' ' tag='260'><subfield code='a'>Boca Raton, FL :</subfield><subfield code='b'>CRC Press,</subfield><subfield code='c'>c2010.</subfield></datafield><datafield ind1=' ' ind2=' ' tag='300'><subfield code='a'>1 v. (various pagings) :</subfield><subfield code='b'>ill. ;</subfield><subfield code='c'>26 cm.</subfield></datafield><datafield ind1='1' ind2=' ' tag='490'><subfield code='a'>The digital signal processing handbook.</subfield></datafield><datafield ind1='1' ind2=' ' tag='490'><subfield code='a'>The electrical engineering handbook series</subfield></datafield><datafield ind1=' ' ind2=' ' tag='500'><subfield code='a'>This volume together with Video, speech, and audio signal processing and associated standards and Wireless, networking, radar, sensor array processing, and nonlinear signal processing constitute the rev. ed. of: The digital signal processing handbook / edited by Vijay K. Madisetti, Douglas B. Williams. 1998.</subfield></datafield><datafield ind1=' ' ind2=' ' tag='504'><subfield code='a'>Includes bibliographical references and index.</subfield></datafield><datafield ind1='0' ind2=' ' tag='505'><subfield code='a'>Signals and systems / Vijay K. Madisetti and Douglas B. Williams -- Fourier methods for signal analysis and processing / W. Kenneth Jenkins -- Ordinary linear differential and difference equations / B.P. Lathi -- Finite wordlength effects / Bruce W. Bomar -- Signal representation and quantization / Jelena Kovačević and Christine Podilchuk -- On multidimensional sampling / Ton Kalker -- Analog-to-digital conversion architectures / Stephen Kosonocky and Peter Xiao -- Quantization of discrete time signals / Ravi P. Ramachandran -- Fast algorithms and structures / Pierre Duhamel -- Fast Fourier transforms : a tutorial review and state of the art / Pierre Duhamel and Martin Vetterli -- Fast convolution and filtering / Ivan W. Selesnick and C. Sidney Burrus -- Complexity theory of transforms in signal processing / Ephraim Feig -- Fast matrix computations / Andrew E. Yagle -- Digital filtering / Lina J. Karam and James H. McClellan -- Digital filtering / Lina J. Karam ... [et al.] -- Statistical signal processing / Georgios B. Giannakis -- Overview of statistical signal processing / Charles W. Therrien -- Signal detection and classification / Alfred Hero -- Spectrum estimation and modeling / Petar M. Djurić and Steven M. Kay -- Estimation theory and algorithms : from Gauss to Wiener to Kalman / Jerry M. Mendel -- Validation, testing, and noise modeling / Jitendra K. Tugnait -- Cyclostationary signal analysis / Georgios B. Giannakis -- Adaptive filtering / Scott C. Douglas -- Introduction to adaptive filters / Scott C. Douglas -- Convergence issues in the LMS adaptive filter / Scott C. Douglas and Markus Rupp -- Robustness issues in adaptive filtering / Ali H. Sayed and Markus Rupp -- Recursive least-squares adaptive filters / Ali H. Sayed and Thomas Kailath -- Transform domain adaptive filtering / W. Kenneth Jenkins, C. Radhakrishnan, and Daniel F. Marshall -- Adaptive IIR filters / Geoffrey A. Williamson -- Adaptive filters for blind equalization / Zhi Ding --</subfield></datafield><datafield ind1='0' ind2=' ' tag='505'><subfield code='a'>Inverse problems and signal reconstruction / Richard J. Mammone -- Signal recovery from partial information / Christine Podilchuk -- Algorithms for computed tomography / Gabor T. Herman -- Robust speech processing as an inverse problem / Richard J. Mammone and Xiaoyu Zhang -- Inverse problems, statistical mechanics, and simulated annealing / K. Venkatesh Prasad -- Image recovery using the EM algorithm / Jun Zhang and Aggelos K. Katsaggelos -- Inverse problems in array processing / Kevin R. Farrell -- Channel equalization as a regularized inverse problem / John F. Doherty -- Inverse problems in microphone arrays / A.C. Surendran -- Synthetic aperture radar algorithms / Clay Steward and Vic Larson -- Iterative image restoration algorithms / Aggelos K. Katsaggelos -- Time-frequency and multirate signal processing / Cormac Herley and Kambiz Nayebi -- Wavelets and filter banks / Cormac Herley -- Filter bank design / Joseph Arrowood, Tami Randolph, and Mark J.T. Smith -- Time-varying analysis-synthesis filter banks / Iraj Sodagar -- Lapped transforms / Ricardo L. de Queiroz.</subfield></datafield><datafield ind1=' ' ind2='0' tag='650'><subfield code='a'>Signal processing</subfield><subfield code='x'>Digital techniques.</subfield></datafield><datafield ind1='1' ind2=' ' tag='700'><subfield code='a'>Madisetti, V.</subfield><subfield code='q'>(Vijay)</subfield></datafield><datafield ind1='0' ind2=' ' tag='730'><subfield code='a'>Digital signal processing handbook.</subfield></datafield><datafield ind1=' ' ind2='0' tag='830'><subfield code='a'>Digital signal processing handbook.</subfield></datafield><datafield ind1=' ' ind2='0' tag='830'><subfield code='a'>Electrical engineering handbook series.</subfield></datafield><datafield ind1=' ' ind2=' ' tag='902'><subfield code='a'>161109</subfield></datafield><datafield ind1=' ' ind2=' ' tag='907'><subfield code='a'>.b44833143</subfield><subfield code='b'>p    </subfield><subfield code='c'>-</subfield></datafield><datafield ind1=' ' ind2=' ' tag='945'><subfield code='l'>pstk </subfield><subfield code='g'>1</subfield></datafield><datafield ind1=' ' ind2=' ' tag='979'><subfield code='a'>ocn150381336</subfield></datafield><datafield ind1=' ' ind2=' ' tag='998'><subfield code='b'>1</subfield><subfield code='c'>110209</subfield><subfield code='d'>m</subfield><subfield code='e'>a</subfield><subfield code='f'>-</subfield><subfield code='g'>0</subfield></datafield><datafield ind1=' ' ind2=' ' tag='998'><subfield code='b'>1</subfield><subfield code='c'>110209</subfield><subfield code='d'>m</subfield><subfield code='e'>a</subfield><subfield code='f'>-</subfield><subfield code='g'>0</subfield></datafield><datafield ind1=' ' ind2=' ' tag='ADM'><subfield code='b'>2017-08-25 20:50:03</subfield><subfield code='e'>b44833143-01tuli_inst</subfield><subfield code='d'>ILS</subfield><subfield code='a'>2017-06-20 07:32:21</subfield><subfield code='c'>false</subfield></datafield><datafield ind1='0' ind2=' ' tag='HLD'><subfield code='b'>MAIN</subfield><subfield code='c'>stacks</subfield><subfield code='h'>TK5102.9</subfield><subfield code='i'>.D5335 2010</subfield><subfield code='8'>22268214180003811</subfield></datafield><datafield ind1=' ' ind2=' ' tag='ITM'><subfield code='r'>22268214180003811</subfield><subfield code='b'>1</subfield><subfield code='h'>0</subfield><subfield code='g'>stacks</subfield><subfield code='t'>BOOK</subfield><subfield code='9'>39074026250027</subfield><subfield code='e'>stacks</subfield><subfield code='8'>23268214170003811</subfield><subfield code='a'>0</subfield><subfield code='q'>2017-06-20 07:32:21</subfield><subfield code='i'>TK5102.9 .D5335 2010</subfield><subfield code='d'>MAIN</subfield><subfield code='f'>MAIN</subfield></datafield></record>