
<record xmlns='http://www.loc.gov/MARC21/slim'><leader>05459nam  2200625Ia 4500</leader><controlfield tag='001'>991036736576803811</controlfield><controlfield tag='005'>20171116045000.0</controlfield><controlfield tag='006'>m     o  d |      </controlfield><controlfield tag='007'>cr -n---------</controlfield><controlfield tag='008'>100201s2010    ne a    ob    001 0 eng d</controlfield><datafield ind1=' ' ind2=' ' tag='010'><subfield code='z'>  2010002121</subfield></datafield><datafield ind1=' ' ind2=' ' tag='020'><subfield code='a'>1-282-73831-3</subfield></datafield><datafield ind1=' ' ind2=' ' tag='020'><subfield code='a'>9786612738319</subfield></datafield><datafield ind1=' ' ind2=' ' tag='020'><subfield code='a'>1-85617-922-2</subfield></datafield><datafield ind1=' ' ind2=' ' tag='035'><subfield code='a'>(CKB)2530000000000379</subfield></datafield><datafield ind1=' ' ind2=' ' tag='035'><subfield code='a'>(EBL)619182</subfield></datafield><datafield ind1=' ' ind2=' ' tag='035'><subfield code='a'>(OCoLC)613958936</subfield></datafield><datafield ind1=' ' ind2=' ' tag='035'><subfield code='a'>(SSID)ssj0000415937</subfield></datafield><datafield ind1=' ' ind2=' ' tag='035'><subfield code='a'>(PQKBManifestationID)11264687</subfield></datafield><datafield ind1=' ' ind2=' ' tag='035'><subfield code='a'>(PQKBTitleCode)TC0000415937</subfield></datafield><datafield ind1=' ' ind2=' ' tag='035'><subfield code='a'>(PQKBWorkID)10419379</subfield></datafield><datafield ind1=' ' ind2=' ' tag='035'><subfield code='a'>(PQKB)10491067</subfield></datafield><datafield ind1=' ' ind2=' ' tag='035'><subfield code='a'>(MiAaPQ)EBC4891423</subfield></datafield><datafield ind1=' ' ind2=' ' tag='035'><subfield code='a'>(MiAaPQ)EBC619182</subfield></datafield><datafield ind1=' ' ind2=' ' tag='035'><subfield code='a'>(EXLCZ)992530000000000379</subfield></datafield><datafield ind1=' ' ind2=' ' tag='040'><subfield code='a'>MiAaPQ</subfield><subfield code='c'>MiAaPQ</subfield><subfield code='d'>MiAaPQ</subfield></datafield><datafield ind1=' ' ind2=' ' tag='041'><subfield code='a'>eng</subfield></datafield><datafield ind1=' ' ind2='4' tag='050'><subfield code='a'>TK5102.9</subfield><subfield code='b'>.P385 2010</subfield></datafield><datafield ind1='0' ind2='0' tag='082'><subfield code='a'>621.382/2</subfield><subfield code='a'>621.3822</subfield></datafield><datafield ind1='1' ind2=' ' tag='100'><subfield code='a'>Parker, Michael,</subfield><subfield code='d'>1963-</subfield></datafield><datafield ind1=' ' ind2=' ' tag='210'><subfield code='a'>DIGITAL SIGNAL PROCESSING 101 </subfield></datafield><datafield ind1='1' ind2='0' tag='245'><subfield code='a'>Digital signal processing 101</subfield><subfield code='h'>[electronic resource] :</subfield><subfield code='b'>everything you need to know to get started /</subfield><subfield code='c'>Michael Parker.</subfield></datafield><datafield ind1=' ' ind2=' ' tag='246'><subfield code='a'>Digital signal processing </subfield></datafield><datafield ind1=' ' ind2=' ' tag='250'><subfield code='a'>Second edition.</subfield></datafield><datafield ind1=' ' ind2=' ' tag='260'><subfield code='a'>Amsterdam ;</subfield><subfield code='a'>Boston :</subfield><subfield code='b'>Elsevier / Newnes,</subfield><subfield code='c'>c2010.</subfield></datafield><datafield ind1=' ' ind2=' ' tag='300'><subfield code='a'>1 online resource (286 p.)</subfield></datafield><datafield ind1=' ' ind2=' ' tag='336'><subfield code='a'>text</subfield><subfield code='b'>txt</subfield></datafield><datafield ind1=' ' ind2=' ' tag='337'><subfield code='a'>computer</subfield><subfield code='b'>c</subfield></datafield><datafield ind1=' ' ind2=' ' tag='338'><subfield code='a'>online resource</subfield><subfield code='b'>cr</subfield></datafield><datafield ind1=' ' ind2=' ' tag='500'><subfield code='a'>Description based upon print version of record.</subfield></datafield><datafield ind1='0' ind2=' ' tag='505'><subfield code='a'>Front Cover; Digital Signal Processing; Copyright Page; Table of Contents; Introduction; Acknowledgments; Chapter 1: Numerical Representation; 1.1. Integer Fixed-Point Representation; 1.2. Fractional Fixed-Point Representation; 1.3. Floating-Point Representation; Chapter 2: Complex Numbers and Exponentials; 2.1. Complex Addition and Subtraction; 2.2. Complex Multiplication; 2.3. Complex Conjugate; 2.4. The Complex Exponential; 2.5. Measuring Angles in Radians; Chapter 3: Sampling, Aliasing, and Quantization; 3.1. Nyquist Sampling Rule; 3.2. Quantization; Chapter 4: Frequency Response</subfield></datafield><datafield ind1='8' ind2=' ' tag='505'><subfield code='a'>4.1. Frequency Response and the Complex Exponential4.2. Normalizing Frequency Response; 4.3. Sweeping across the Frequency Response; 4.4. Example Frequency Responses; 4.5. Linear Phase Response; 4.6. Normalized Frequency Response Plots; Chapter 5: Finite Impulse Response (FIR) Filters; 5.1. FIR Filter Construction; 5.2. Computing Frequency Response; 5.3. Computing Filter Coefficients; 5.4. Effect of Number of Taps on Filter Response; Chapter 6: Windowing; 6.1. Truncation of Coefficients; 6.2. Tapering of Coefficients; 6.3. Example Coefficient Windows; Chapter 7: Decimation and Interpolation</subfield></datafield><datafield ind1='8' ind2=' ' tag='505'><subfield code='a'>7.1. Decimation7.2. Interpolation; 7.3. Resampling by Non-Integer Value; Chapter 8: Infinite Impulse Response (IIR) Filters; 8.1. IIR and FIR Filter Characteristic Comparison; 8.2. Bilinear Transform; 8.3. Frequency Prewarping; Chapter 9: Complex Modulation and Demodulation; 9.1. Modulation Constellations; 9.2. Modulated Signal Bandwidth; 9.3. Pulse-Shaping Filter; 9.4. Raised Cosine Filter; Chapter 10: Discrete and Fast Fourier Transforms (DFT, FFT); 10.1. DFT and IDFT Equations; 10.2. Fast Fourier Transform (FFT); 10.3. Filtering Using the FFT and IFFT; 10.4. Bit Growth in FFTs</subfield></datafield><datafield ind1='8' ind2=' ' tag='505'><subfield code='a'>10.5. Bit-Reversal AddressingChapter 11: Digital Upconversion and Downconversion; 11.1. Digital Upconversion; 11.2. Digital Downconversion; 11.3. IF Subsampling; Chapter 12: Error Correction Coding; 12.1. Linear Block Encoding; 12.2. Linear Block Decoding; 12.3. Minimum Coding Distance; 12.4. Convolutional Encoding; 12.5. Viterbi Decoding; 12.6. Soft Decision Decoding; 12.7. Cyclic Redundancy Check; 12.8. Shannon Capacity and Limit Theorems; Chapter 13: Analog and TDMA Wireless Communications; 13.1. Early Digital Innovations; 13.2. Frequency Modulation; 13.3. Digital Signal Processor</subfield></datafield><datafield ind1='8' ind2=' ' tag='505'><subfield code='a'>13.4. Digital Voice Phone Systems13.5. TDMA Modulation and Demodulation; Chapter 14: CDMA Wireless Communications; 14.1. Spread Spectrum Technology; 14.2. Direct Sequence Spread Spectrum; 14.3. Walsh Codes; 14.4. Concept of CDMA; 14.5. Walsh Code Demodulation; 14.6. Network Synchronization; 14.7. RAKE Receiver; 14.8. Pilot PN Codes; 14.9. CDMA Transmit Architecture; 14.10. Variable Rate Vocoder; 14.11. Soft Handoff; 14.12. Uplink Modulation; 14.13. Power Control; 14.14. Higher Data Rates; 14.15. Spectral Efficiency Considerations; 14.16. Other CDMA Technologies</subfield></datafield><datafield ind1='8' ind2=' ' tag='505'><subfield code='a'>Chapter 15: OFDMA Wireless Communications</subfield></datafield><datafield ind1=' ' ind2=' ' tag='520'><subfield code='a'>DSP is utilized in just about every electronic system or device. DSP is taking one piece of information be it data, image, video, or audio, most likely compressing, sending, and filtering it to another location within your application to appear in the form of a document, picture or video.   Like Smith before it, this book is different to most on the market by following a popular applied approach to this tricky subject, and will be the perfect starting point for engineers who need to get into DSP from the ground floor. This book starts with the absolute basics of this integral process.&lt;</subfield></datafield><datafield ind1=' ' ind2=' ' tag='546'><subfield code='a'>English</subfield></datafield><datafield ind1=' ' ind2=' ' tag='504'><subfield code='a'>Includes bibliographical references at the end of each chapters and index.</subfield></datafield><datafield ind1=' ' ind2=' ' tag='588'><subfield code='a'>Description based on online resource; title from PDF title page (ebrary, viewed July 27, 2017).</subfield></datafield><datafield ind1=' ' ind2='0' tag='650'><subfield code='a'>Signal processing</subfield><subfield code='x'>Digital techniques.</subfield></datafield><datafield ind1=' ' ind2='0' tag='650'><subfield code='a'>Information measurement.</subfield></datafield><datafield ind1=' ' ind2='4' tag='655'><subfield code='a'>Electronic books.</subfield></datafield><datafield ind1=' ' ind2=' ' tag='776'><subfield code='z'>1-85617-921-4</subfield></datafield><datafield ind1=' ' ind2=' ' tag='906'><subfield code='a'>BOOK</subfield></datafield><datafield ind1=' ' ind2=' ' tag='PRT'><subfield code='a'>53404370780003811</subfield><subfield code='b'>https://sandbox01-na.alma.exlibrisgroup.com/view/uresolver/01TULI_INST/openurl?u.ignore_date_coverage=true&amp;rft.mms_id=991036736576803811</subfield><subfield code='e'>ProQuest</subfield><subfield code='c'>ProQuest Safari Tech Books Online Current File</subfield><subfield code='h'>611000000000002577</subfield><subfield code='8'>53404370780003811</subfield></datafield><datafield ind1=' ' ind2=' ' tag='PRT'><subfield code='a'>53395652560003811</subfield><subfield code='b'>https://sandbox01-na.alma.exlibrisgroup.com/view/uresolver/01TULI_INST/openurl?u.ignore_date_coverage=true&amp;rft.mms_id=991036736576803811</subfield><subfield code='e'>EBSCOhost</subfield><subfield code='c'>EBSCOhost Academic eBook Collection (North America)</subfield><subfield code='h'>613640000000000029</subfield><subfield code='8'>53395652560003811</subfield></datafield><datafield ind1=' ' ind2=' ' tag='PRT'><subfield code='a'>53424084260003811</subfield><subfield code='b'>https://sandbox01-na.alma.exlibrisgroup.com/view/uresolver/01TULI_INST/openurl?u.ignore_date_coverage=true&amp;rft.mms_id=991036736576803811</subfield><subfield code='e'>Ebook Central</subfield><subfield code='c'>Ebook Central College Complete</subfield><subfield code='h'>614330000000000032</subfield><subfield code='8'>53424084260003811</subfield></datafield><datafield ind1=' ' ind2=' ' tag='PRT'><subfield code='a'>53422563140003811</subfield><subfield code='b'>https://sandbox01-na.alma.exlibrisgroup.com/view/uresolver/01TULI_INST/openurl?u.ignore_date_coverage=true&amp;rft.mms_id=991036736576803811</subfield><subfield code='e'>Ebook Central</subfield><subfield code='c'>Ebook Central Academic Complete</subfield><subfield code='h'>614200000000000002</subfield><subfield code='8'>53422563140003811</subfield></datafield><datafield ind1=' ' ind2=' ' tag='PRT'><subfield code='a'>53396867990003811</subfield><subfield code='b'>https://sandbox01-na.alma.exlibrisgroup.com/view/uresolver/01TULI_INST/openurl?u.ignore_date_coverage=true&amp;rft.mms_id=991036736576803811</subfield><subfield code='e'>EBSCOhost</subfield><subfield code='c'>EBSCOhost eBook Community College Collection</subfield><subfield code='h'>613860000000000003</subfield><subfield code='8'>53396867990003811</subfield></datafield><datafield ind1=' ' ind2=' ' tag='PRT'><subfield code='a'>53364444370003811</subfield><subfield code='b'>https://sandbox01-na.alma.exlibrisgroup.com/view/uresolver/01TULI_INST/openurl?u.ignore_date_coverage=true&amp;rft.mms_id=991036736576803811</subfield><subfield code='e'>Elsevier ScienceDirect AutoLoad</subfield><subfield code='c'>Elsevier ScienceDirect Books Complete</subfield><subfield code='h'>613840000000000009</subfield><subfield code='8'>53364444370003811</subfield></datafield></record>