
<record xmlns='http://www.loc.gov/MARC21/slim'><leader>04080cam a22007454a 4500</leader><controlfield tag='005'>20150320070712.5</controlfield><controlfield tag='006'>m     o  d        </controlfield><controlfield tag='007'>cr |n|||||||||</controlfield><controlfield tag='008'>060111s2006    nyua    ob    001 0 eng c</controlfield><controlfield tag='001'>991020061489703811</controlfield><datafield ind1=' ' ind2=' ' tag='020'><subfield code='a'>9780387276748 (alk. paper)</subfield></datafield><datafield ind1=' ' ind2=' ' tag='020'><subfield code='a'>0387276742 (alk. paper)</subfield></datafield><datafield ind1=' ' ind2=' ' tag='020'><subfield code='a'>0387276769 (ebook)</subfield></datafield><datafield ind1=' ' ind2=' ' tag='020'><subfield code='a'>9780387276762 (ebook)</subfield></datafield><datafield ind1=' ' ind2=' ' tag='020'><subfield code='a'>3540376305</subfield></datafield><datafield ind1=' ' ind2=' ' tag='020'><subfield code='a'>9783540376309</subfield></datafield><datafield ind1=' ' ind2=' ' tag='020'><subfield code='a'>9783540376316</subfield></datafield><datafield ind1=' ' ind2=' ' tag='020'><subfield code='a'>3540376313</subfield></datafield><datafield ind1=' ' ind2=' ' tag='035'><subfield code='a'>(PPT)b49594497-01tuli_inst</subfield></datafield><datafield ind1=' ' ind2=' ' tag='035'><subfield code='a'>(OCoLC)166329694</subfield><subfield code='z'>(OCoLC)209911145</subfield><subfield code='z'>(OCoLC)213886701</subfield><subfield code='z'>(OCoLC)262693853</subfield><subfield code='z'>(OCoLC)608120013</subfield><subfield code='z'>(OCoLC)655778563</subfield><subfield code='z'>(OCoLC)714834361</subfield><subfield code='z'>(OCoLC)746942512</subfield><subfield code='z'>(OCoLC)756421511</subfield><subfield code='z'>(OCoLC)760934980</subfield><subfield code='z'>(OCoLC)820754855</subfield></datafield><datafield ind1=' ' ind2=' ' tag='037'><subfield code='a'>978-0-387-27674-8</subfield><subfield code='b'>Springer</subfield><subfield code='n'>http://www.springerlink.com</subfield></datafield><datafield ind1=' ' ind2=' ' tag='040'><subfield code='a'>COO</subfield><subfield code='b'>eng</subfield><subfield code='c'>COO</subfield><subfield code='d'>N$T</subfield><subfield code='d'>GW5XE</subfield><subfield code='d'>YNG</subfield><subfield code='d'>OCLCQ</subfield><subfield code='d'>IDEBK</subfield><subfield code='d'>ISOBC</subfield><subfield code='d'>OCLCE</subfield><subfield code='d'>OCLCO</subfield><subfield code='d'>OCLCQ</subfield><subfield code='d'>OCLCF</subfield><subfield code='d'>BEDGE</subfield><subfield code='d'>OCLCQ</subfield></datafield><datafield ind1=' ' ind2=' ' tag='042'><subfield code='a'>pcc</subfield><subfield code='a'>dlr</subfield></datafield><datafield ind1=' ' ind2=' ' tag='049'><subfield code='a'>TEUU</subfield></datafield><datafield ind1=' ' ind2='7' tag='072'><subfield code='a'>COM</subfield><subfield code='x'>031000</subfield><subfield code='2'>bisacsh</subfield></datafield><datafield ind1=' ' ind2='7' tag='072'><subfield code='a'>TEC</subfield><subfield code='x'>067000</subfield><subfield code='2'>bisacsh</subfield></datafield><datafield ind1=' ' ind2=' ' tag='090'><subfield code='a'>TK5102.9</subfield><subfield code='b'>.H86 2006</subfield></datafield><datafield ind1='1' ind2=' ' tag='100'><subfield code='a'>Huang, Yiteng,</subfield><subfield code='d'>1972-</subfield></datafield><datafield ind1='1' ind2='0' tag='245'><subfield code='a'>Acoustic MIMO signal processing</subfield><subfield code='h'>[electronic resource] /</subfield><subfield code='c'>Yiteng (Arden) Huang, Jacob Benesty, Jingdong Chen.</subfield></datafield><datafield ind1='3' ind2=' ' tag='246'><subfield code='a'>Acoustic multiple-input multiple-output signal processing</subfield></datafield><datafield ind1=' ' ind2=' ' tag='260'><subfield code='a'>New York :</subfield><subfield code='b'>Springer,</subfield><subfield code='c'>2006.</subfield></datafield><datafield ind1=' ' ind2=' ' tag='300'><subfield code='a'>1 online resource (xiv, 378 p.) :</subfield><subfield code='b'>ill.</subfield></datafield><datafield ind1=' ' ind2=' ' tag='336'><subfield code='a'>text</subfield><subfield code='b'>txt</subfield><subfield code='2'>rdacontent</subfield></datafield><datafield ind1=' ' ind2=' ' tag='337'><subfield code='a'>computer</subfield><subfield code='b'>c</subfield><subfield code='2'>rdamedia</subfield></datafield><datafield ind1=' ' ind2=' ' tag='338'><subfield code='a'>online resource</subfield><subfield code='b'>cr</subfield><subfield code='2'>rdacarrier</subfield></datafield><datafield ind1='1' ind2=' ' tag='490'><subfield code='a'>Signals and communication technology</subfield></datafield><datafield ind1=' ' ind2=' ' tag='504'><subfield code='a'>Includes bibliographical references and index.</subfield></datafield><datafield ind1='0' ind2=' ' tag='505'><subfield code='a'>Part I, Theory: Acoustic MIMO systems -- Wiener Filter and basic adaptive algorithms -- Sparse adaptive filters -- Frequency-domain adaptive filters -- Blind identification of acoustic MIMO systems -- Separation and suppression of co-channel and temporal interference; Part II, Applications: Acoustic echo cancellation and audio bridging -- Time delay estimation and acoustic source localization -- Speech enhancement and noise reduction --Source separation and speech dereverberation.</subfield></datafield><datafield ind1=' ' ind2=' ' tag='506'><subfield code='3'>Use copy</subfield><subfield code='f'>Restrictions unspecified</subfield><subfield code='2'>star</subfield><subfield code='5'>MiAaHDL</subfield></datafield><datafield ind1=' ' ind2=' ' tag='533'><subfield code='a'>Electronic reproduction.</subfield><subfield code='b'>[S.l.] :</subfield><subfield code='c'>HathiTrust Digital Library,</subfield><subfield code='d'>2011.</subfield><subfield code='5'>MiAaHDL</subfield></datafield><datafield ind1=' ' ind2=' ' tag='538'><subfield code='a'>Master and use copy. Digital master created according to Benchmark for Faithful Digital Reproductions of Monographs and Serials, Version 1. Digital Library Federation, December 2002.</subfield><subfield code='u'>http://purl.oclc.org/DLF/benchrepro0212</subfield><subfield code='5'>MiAaHDL</subfield></datafield><datafield ind1='1' ind2=' ' tag='583'><subfield code='a'>digitized</subfield><subfield code='c'>2011</subfield><subfield code='h'>HathiTrust Digital Library</subfield><subfield code='l'>committed to preserve</subfield><subfield code='2'>pda</subfield><subfield code='5'>MiAaHDL</subfield></datafield><datafield ind1=' ' ind2=' ' tag='590'><subfield code='a'>Access is available to the Temple Community through use of a networked computer with a Temple IP address.</subfield></datafield><datafield ind1=' ' ind2='0' tag='650'><subfield code='a'>MIMO systems.</subfield></datafield><datafield ind1=' ' ind2='0' tag='650'><subfield code='a'>Signal processing</subfield><subfield code='x'>Digital techniques</subfield><subfield code='x'>Mathematics.</subfield></datafield><datafield ind1=' ' ind2='0' tag='650'><subfield code='a'>Speech processing systems.</subfield></datafield><datafield ind1=' ' ind2='7' tag='650'><subfield code='a'>COMPUTERS</subfield><subfield code='x'>Information Theory.</subfield><subfield code='2'>bisacsh</subfield></datafield><datafield ind1=' ' ind2='7' tag='650'><subfield code='a'>TECHNOLOGY &amp; ENGINEERING</subfield><subfield code='x'>Signals &amp; Signal Processing.</subfield><subfield code='2'>bisacsh</subfield></datafield><datafield ind1=' ' ind2='7' tag='650'><subfield code='a'>MIMO systems.</subfield><subfield code='2'>fast</subfield><subfield code='0'>(OCoLC)fst01201254</subfield></datafield><datafield ind1=' ' ind2='7' tag='650'><subfield code='a'>Signal processing</subfield><subfield code='x'>Digital techniques</subfield><subfield code='x'>Mathematics.</subfield><subfield code='2'>fast</subfield><subfield code='0'>(OCoLC)fst01118294</subfield></datafield><datafield ind1=' ' ind2='7' tag='650'><subfield code='a'>Speech processing systems.</subfield><subfield code='2'>fast</subfield><subfield code='0'>(OCoLC)fst01129243</subfield></datafield><datafield ind1=' ' ind2='7' tag='650'><subfield code='a'>Ingénierie.</subfield><subfield code='2'>eclas</subfield></datafield><datafield ind1=' ' ind2='4' tag='655'><subfield code='a'>Electronic books.</subfield></datafield><datafield ind1='1' ind2=' ' tag='700'><subfield code='a'>Benesty, Jacob.</subfield></datafield><datafield ind1='1' ind2=' ' tag='700'><subfield code='a'>Chen, J.</subfield><subfield code='q'>(Jingdong)</subfield></datafield><datafield ind1='2' ind2=' ' tag='710'><subfield code='a'>SpringerLink (Online service)</subfield></datafield><datafield ind1='0' ind2='8' tag='776'><subfield code='i'>Print version:</subfield><subfield code='a'>Huang, Yiteng, 1972-</subfield><subfield code='t'>Acoustic MIMO signal processing.</subfield><subfield code='d'>New York : Springer, 2006</subfield><subfield code='z'>9780387276748</subfield><subfield code='z'>0387276742</subfield><subfield code='w'>(DLC)  2006920463</subfield><subfield code='w'>(OCoLC)70412225</subfield></datafield><datafield ind1='0' ind2='8' tag='776'><subfield code='i'>Online version:</subfield><subfield code='a'>Huang, Yiteng, 1972-</subfield><subfield code='t'>Acoustic MIMO signal processing.</subfield><subfield code='d'>New York : Springer, 2006</subfield><subfield code='w'>(OCoLC)760934980</subfield></datafield><datafield ind1=' ' ind2='0' tag='830'><subfield code='a'>Signals and communication technology.</subfield></datafield><datafield ind1='4' ind2='0' tag='856'><subfield code='z'>Access full text online.</subfield><subfield code='u'>http://libproxy.temple.edu/login?url=http://link.springer.com/10.1007/978-3-540-37631-6</subfield></datafield><datafield ind1=' ' ind2=' ' tag='907'><subfield code='a'>.b49594497</subfield><subfield code='b'>w    </subfield><subfield code='c'>-</subfield></datafield><datafield ind1=' ' ind2=' ' tag='902'><subfield code='a'>170601</subfield></datafield><datafield ind1=' ' ind2=' ' tag='998'><subfield code='b'>0</subfield><subfield code='c'>110925</subfield><subfield code='d'>m</subfield><subfield code='e'>@</subfield><subfield code='f'>-</subfield><subfield code='g'>0</subfield></datafield><datafield ind1=' ' ind2=' ' tag='902'><subfield code='a'>SpringerLink 2015-09-30</subfield></datafield><datafield ind1=' ' ind2=' ' tag='945'><subfield code='l'>w    </subfield><subfield code='g'>1</subfield></datafield><datafield ind1=' ' ind2=' ' tag='ADM'><subfield code='e'>b49594497-01tuli_inst</subfield><subfield code='d'>ILS</subfield><subfield code='a'>2017-06-20 14:03:00</subfield><subfield code='c'>false</subfield></datafield><datafield ind1=' ' ind2=' ' tag='PRT'><subfield code='a'>53366987610003811</subfield><subfield code='b'>https://sandbox01-na.alma.exlibrisgroup.com/view/uresolver/01TULI_INST/openurl?u.ignore_date_coverage=true&amp;rft.mms_id=991020061489703811</subfield><subfield code='e'>Springer Link</subfield><subfield code='9'>Available</subfield><subfield code='c'>SpringerLink Books Complete</subfield><subfield code='h'>611000000000001381</subfield><subfield code='8'>53366987610003811</subfield></datafield><datafield ind1=' ' ind2=' ' tag='PRT'><subfield code='a'>53376242310003811</subfield><subfield code='b'>https://sandbox01-na.alma.exlibrisgroup.com/view/uresolver/01TULI_INST/openurl?u.ignore_date_coverage=true&amp;rft.mms_id=991020061489703811</subfield><subfield code='f'>Access full text online.</subfield><subfield code='9'>Available</subfield><subfield code='d'>MAIN</subfield><subfield code='c'>SpringerLink Ebooks</subfield><subfield code='8'>53376242310003811</subfield></datafield></record>