
<record xmlns='http://www.loc.gov/MARC21/slim'><leader>01597nam  2200337 i 4500</leader><controlfield tag='001'>991036749605103811</controlfield><controlfield tag='005'>20170817205943.0</controlfield><controlfield tag='006'>m     o  d |      </controlfield><controlfield tag='007'>cr cnu||||||||</controlfield><controlfield tag='008'>180525s2007    flu     o     000 0 eng d</controlfield><datafield ind1=' ' ind2=' ' tag='020'><subfield code='a'>1-4665-6560-8</subfield></datafield><datafield ind1=' ' ind2=' ' tag='035'><subfield code='a'>(CKB)3390000000000135</subfield></datafield><datafield ind1=' ' ind2=' ' tag='035'><subfield code='a'>(SSID)ssj0000652001</subfield></datafield><datafield ind1=' ' ind2=' ' tag='035'><subfield code='a'>(PQKBManifestationID)12247132</subfield></datafield><datafield ind1=' ' ind2=' ' tag='035'><subfield code='a'>(PQKBTitleCode)TC0000652001</subfield></datafield><datafield ind1=' ' ind2=' ' tag='035'><subfield code='a'>(PQKBWorkID)10638898</subfield></datafield><datafield ind1=' ' ind2=' ' tag='035'><subfield code='a'>(PQKB)11588723</subfield></datafield><datafield ind1=' ' ind2=' ' tag='035'><subfield code='a'>(MiAaPQ)EBC5379334</subfield></datafield><datafield ind1=' ' ind2=' ' tag='035'><subfield code='a'>(EXLCZ)993390000000000135</subfield></datafield><datafield ind1=' ' ind2=' ' tag='040'><subfield code='a'>MiAaPQ</subfield><subfield code='b'>eng</subfield><subfield code='e'>rda</subfield><subfield code='e'>pn</subfield><subfield code='c'>MiAaPQ</subfield><subfield code='d'>MiAaPQ</subfield></datafield><datafield ind1=' ' ind2=' ' tag='041'><subfield code='a'>eng</subfield></datafield><datafield ind1=' ' ind2='4' tag='050'><subfield code='a'>TK5102.9</subfield><subfield code='b'>.D545 2007</subfield></datafield><datafield ind1='0' ind2=' ' tag='082'><subfield code='a'>621.3822</subfield><subfield code='2'>23</subfield></datafield><datafield ind1=' ' ind2=' ' tag='100'><subfield code='a'>Madisetti, Vijay K</subfield><subfield code='e'>Author</subfield></datafield><datafield ind1='0' ind2='4' tag='245'><subfield code='a'>The digital signal processing handbook /</subfield><subfield code='c'>editor-in-chief Vijay K. Madisetti.</subfield></datafield><datafield ind1=' ' ind2=' ' tag='250'><subfield code='a'>Second edition.</subfield></datafield><datafield ind1=' ' ind2='1' tag='264'><subfield code='a'>Boca Raton ;</subfield><subfield code='a'>London ;</subfield><subfield code='a'>New York :</subfield><subfield code='b'>CRC Press, Taylor &amp; Francis Group,</subfield><subfield code='c'>[2007]</subfield></datafield><datafield ind1=' ' ind2='4' tag='264'><subfield code='c'>©2007</subfield></datafield><datafield ind1=' ' ind2=' ' tag='300'><subfield code='a'>1 online resource (675 pages)</subfield></datafield><datafield ind1=' ' ind2=' ' tag='336'><subfield code='a'>text</subfield><subfield code='b'>txt</subfield></datafield><datafield ind1=' ' ind2=' ' tag='337'><subfield code='a'>computer</subfield><subfield code='b'>c</subfield></datafield><datafield ind1=' ' ind2=' ' tag='338'><subfield code='a'>online resource</subfield><subfield code='b'>cr</subfield></datafield><datafield ind1=' ' ind2=' ' tag='500'><subfield code='a'>Bibliographic Level Mode of Issuance: Monograph</subfield></datafield><datafield ind1=' ' ind2=' ' tag='546'><subfield code='a'>English</subfield></datafield><datafield ind1='0' ind2=' ' tag='505'><subfield code='a'>Volume 1. Digital signal processing fundamentals. Volume 2. Video, speech, and audio signal processing and associated standards. Volume 3. Wireless, networking, radar sensor array processing, and nonlinear signal processing.</subfield></datafield><datafield ind1=' ' ind2=' ' tag='588'><subfield code='a'>Description based on print version record.</subfield></datafield><datafield ind1=' ' ind2='0' tag='650'><subfield code='a'>Signal processing</subfield><subfield code='x'>Digital techniques.</subfield></datafield><datafield ind1=' ' ind2='4' tag='655'><subfield code='a'>Electronic books.</subfield></datafield><datafield ind1=' ' ind2=' ' tag='776'><subfield code='z'>1-4200-4563-6</subfield></datafield><datafield ind1='1' ind2=' ' tag='700'><subfield code='a'>Madisetti, V.</subfield><subfield code='q'>(Vijay),</subfield><subfield code='e'>editor.</subfield></datafield><datafield ind1=' ' ind2=' ' tag='906'><subfield code='a'>BOOK</subfield></datafield><datafield ind1=' ' ind2=' ' tag='PRT'><subfield code='a'>53353626710003811</subfield><subfield code='b'>https://sandbox01-na.alma.exlibrisgroup.com/view/uresolver/01TULI_INST/openurl?u.ignore_date_coverage=true&amp;rft.mms_id=991036749605103811</subfield><subfield code='e'>CRC_NETBASE</subfield><subfield code='c'>ENGnetBASE</subfield><subfield code='h'>61111082146981000</subfield><subfield code='8'>53353626710003811</subfield></datafield><datafield ind1=' ' ind2=' ' tag='PRT'><subfield code='a'>53354529950003811</subfield><subfield code='b'>https://sandbox01-na.alma.exlibrisgroup.com/view/uresolver/01TULI_INST/openurl?u.ignore_date_coverage=true&amp;rft.mms_id=991036749605103811</subfield><subfield code='e'>CRC_NETBASE</subfield><subfield code='c'>ElectricalEngineeringnetBASE</subfield><subfield code='h'>611000000000001877</subfield><subfield code='8'>53354529950003811</subfield></datafield></record>