
<record xmlns='http://www.loc.gov/MARC21/slim'><leader>04731nam a22005655i 4500</leader><controlfield tag='001'>991036799493103811</controlfield><controlfield tag='005'>20170815154429.0</controlfield><controlfield tag='006'>m     o  d |      </controlfield><controlfield tag='007'>cr -n---------</controlfield><controlfield tag='008'>100917s2010    xxu|    o    |||| 0|eng d</controlfield><datafield ind1=' ' ind2=' ' tag='010'><subfield code='z'>  2010932128</subfield></datafield><datafield ind1=' ' ind2=' ' tag='020'><subfield code='a'>1-4419-6345-6</subfield></datafield><datafield ind1='7' ind2=' ' tag='024'><subfield code='a'>10.1007/978-1-4419-6345-1</subfield><subfield code='2'>doi</subfield></datafield><datafield ind1=' ' ind2=' ' tag='035'><subfield code='a'>(CKB)2670000000045217</subfield></datafield><datafield ind1=' ' ind2=' ' tag='035'><subfield code='a'>(EBL)645378</subfield></datafield><datafield ind1=' ' ind2=' ' tag='035'><subfield code='a'>(OCoLC)676697694</subfield></datafield><datafield ind1=' ' ind2=' ' tag='035'><subfield code='a'>(SSID)ssj0000449587</subfield></datafield><datafield ind1=' ' ind2=' ' tag='035'><subfield code='a'>(PQKBManifestationID)11289593</subfield></datafield><datafield ind1=' ' ind2=' ' tag='035'><subfield code='a'>(PQKBTitleCode)TC0000449587</subfield></datafield><datafield ind1=' ' ind2=' ' tag='035'><subfield code='a'>(PQKBWorkID)10429601</subfield></datafield><datafield ind1=' ' ind2=' ' tag='035'><subfield code='a'>(PQKB)11091615</subfield></datafield><datafield ind1=' ' ind2=' ' tag='035'><subfield code='a'>(DE-He213)978-1-4419-6345-1</subfield></datafield><datafield ind1=' ' ind2=' ' tag='035'><subfield code='a'>(MiAaPQ)EBC645378</subfield></datafield><datafield ind1=' ' ind2=' ' tag='035'><subfield code='a'>(EXLCZ)992670000000045217</subfield></datafield><datafield ind1=' ' ind2=' ' tag='040'><subfield code='a'>MiAaPQ</subfield><subfield code='c'>MiAaPQ</subfield><subfield code='d'>MiAaPQ</subfield></datafield><datafield ind1=' ' ind2=' ' tag='041'><subfield code='a'>eng</subfield></datafield><datafield ind1=' ' ind2='4' tag='050'><subfield code='a'>TK5102.9</subfield></datafield><datafield ind1=' ' ind2='4' tag='050'><subfield code='a'>TA1637-1638</subfield></datafield><datafield ind1=' ' ind2='4' tag='050'><subfield code='a'>TK7882.S65</subfield></datafield><datafield ind1=' ' ind2='7' tag='072'><subfield code='a'>TTBM</subfield><subfield code='2'>bicssc</subfield></datafield><datafield ind1=' ' ind2='7' tag='072'><subfield code='a'>UYS</subfield><subfield code='2'>bicssc</subfield></datafield><datafield ind1=' ' ind2='7' tag='072'><subfield code='a'>TEC008000</subfield><subfield code='2'>bisacsh</subfield></datafield><datafield ind1=' ' ind2='7' tag='072'><subfield code='a'>COM073000</subfield><subfield code='2'>bisacsh</subfield></datafield><datafield ind1='0' ind2='0' tag='082'><subfield code='a'>621.3822</subfield></datafield><datafield ind1='1' ind2=' ' tag='100'><subfield code='a'>Bhattacharyya, Shuvra S.</subfield></datafield><datafield ind1='1' ind2='0' tag='245'><subfield code='a'>Handbook of Signal Processing Systems</subfield><subfield code='h'>[electronic resource] /</subfield><subfield code='c'>edited by Shuvra S. Bhattacharyya, Ed F. Deprettere, Rainer Leupers, Jarmo Takala.</subfield></datafield><datafield ind1=' ' ind2='1' tag='264'><subfield code='a'>Boston, MA :</subfield><subfield code='b'>Springer US,</subfield><subfield code='c'>2010.</subfield></datafield><datafield ind1=' ' ind2=' ' tag='300'><subfield code='a'>1 online resource (1098 p.)</subfield></datafield><datafield ind1=' ' ind2=' ' tag='336'><subfield code='a'>text</subfield><subfield code='b'>txt</subfield></datafield><datafield ind1=' ' ind2=' ' tag='337'><subfield code='a'>computer</subfield><subfield code='b'>c</subfield></datafield><datafield ind1=' ' ind2=' ' tag='338'><subfield code='a'>online resource</subfield><subfield code='b'>cr</subfield></datafield><datafield ind1=' ' ind2=' ' tag='347'><subfield code='a'>text file</subfield><subfield code='b'>PDF</subfield><subfield code='2'>rda</subfield></datafield><datafield ind1=' ' ind2=' ' tag='500'><subfield code='a'>Description based upon print version of record.</subfield></datafield><datafield ind1=' ' ind2=' ' tag='546'><subfield code='a'>English</subfield></datafield><datafield ind1=' ' ind2=' ' tag='504'><subfield code='a'>Includes bibliographical references and index.</subfield></datafield><datafield ind1='0' ind2=' ' tag='505'><subfield code='a'>Applications Managing Editor: Shuvra Bhattacharyya -- Signal Processing for Control -- Digital Signal Processing in Home Entertainment -- MPEG Reconfigurable Video Coding -- Signal Processing for High-Speed Links -- Video Compression -- Low-power Wireless Sensor Network Platforms -- Signal Processing for Cryptography and Security Applications -- High-Energy Physics -- Medical Image Processing -- Signal Processing for Audio HCI -- Distributed Smart Cameras and Distributed Computer Vision -- Architectures Managing Editor: Jarmo Takala -- Arithmetic -- Application-Specific Accelerators for Communications -- FPGA-based DSP -- General-Purpose DSP Processors -- Application Specific Instruction Set DSP Processors -- Coarse-Grained Reconfigurable Array Architectures -- Multi-core Systems on Chip -- DSP Systems using Three-Dimensional (3D) Integration Technology -- Mixed Signal Techniques -- Programming and Simulation Tools Managing Editor: Rainer Leupers -- C Compilers and Code Optimization for DSPs -- Compiling for VLIW DSPs -- Software Compilation Techniques for MPSoCs -- DSP Instruction Set Simulation -- Optimization of Number Representations -- Intermediate Representations for Simulation and Implementation -- Embedded C for Digital Signal Processing -- Design Methods Managing Editor: Ed Deprettere -- Signal Flow Graphs and Data Flow Graphs -- Systolic Arrays -- Decidable Signal Processing Dataflow Graphs: Synchronous and Cyclo-Static Dataflow Graphs -- Mapping Decidable Signal Processing Graphs into FPGA Implementations -- Dynamic and Multidimensional Dataflow Graphs -- Polyhedral Process Networks -- Kahn Process Networks and a Reactive Extension -- Methods and Tools for Mapping Process Networks onto Multi-Processor Systems-On-Chip -- Integrated Modeling using Finite State Machines and Dataflow Graphs.</subfield></datafield><datafield ind1=' ' ind2=' ' tag='520'><subfield code='a'>Handbook of Signal Processing Systems is organized in four parts. The first part motivates representative applications that drive and apply state-of-the art methods for design and implementation of signal processing systems; the second part discusses architectures for implementing these applications; the third part focuses on compilers and simulation tools; and the fourth part describes models of computation and their associated design tools and methodologies. This handbook provides: A comprehensive overview of signal processing systems Standalone, complete reference to signal processing systems A comprehensive index for ease of use An extensive bibliography for further reading This handbook is essential for those involved in R&amp;D in the design, architecture, and implementation of a wide array of signal processing systems. This handbook is also suitable as a first point of entry to the field for undergraduate and post-graduate students in engineering, computer sciences, and system engineering.</subfield></datafield><datafield ind1=' ' ind2='0' tag='650'><subfield code='a'>Signal processing</subfield><subfield code='v'>Handbooks, manuals, etc.</subfield></datafield><datafield ind1=' ' ind2='4' tag='655'><subfield code='a'>Electronic books.</subfield></datafield><datafield ind1=' ' ind2=' ' tag='776'><subfield code='z'>1-4419-6344-8</subfield></datafield><datafield ind1='1' ind2=' ' tag='700'><subfield code='a'>Bhattacharyya, Shuvra S.</subfield><subfield code='e'>editor.</subfield></datafield><datafield ind1='1' ind2=' ' tag='700'><subfield code='a'>Deprettere, Ed F.</subfield><subfield code='e'>editor.</subfield></datafield><datafield ind1='1' ind2=' ' tag='700'><subfield code='a'>Leupers, Rainer.</subfield><subfield code='e'>editor.</subfield></datafield><datafield ind1='1' ind2=' ' tag='700'><subfield code='a'>Takala, Jarmo.</subfield><subfield code='e'>editor.</subfield></datafield><datafield ind1=' ' ind2=' ' tag='906'><subfield code='a'>BOOK</subfield></datafield><datafield ind1=' ' ind2=' ' tag='ADM'><subfield code='b'>2018-02-22 13:58:17</subfield><subfield code='e'>992670000000045217</subfield><subfield code='d'>NON_SFX</subfield><subfield code='f'>20151204142046.0</subfield><subfield code='a'>2012-02-25 22:20:51</subfield><subfield code='c'>false</subfield></datafield><datafield ind1=' ' ind2=' ' tag='PRT'><subfield code='a'>53366384850003811</subfield><subfield code='b'>https://sandbox01-na.alma.exlibrisgroup.com/view/uresolver/01TULI_INST/openurl?u.ignore_date_coverage=true&amp;rft.mms_id=991036799493103811</subfield><subfield code='e'>Springer Link</subfield><subfield code='9'>Available</subfield><subfield code='c'>SpringerLink Books Complete</subfield><subfield code='h'>611000000000001381</subfield><subfield code='8'>53366384850003811</subfield></datafield></record>