
<record xmlns='http://www.loc.gov/MARC21/slim'><leader>01041nam  2200289Ia 4500</leader><controlfield tag='001'>991036742951903811</controlfield><controlfield tag='005'>20170810195348.0</controlfield><controlfield tag='006'>m     o  d |      </controlfield><controlfield tag='007'>cr -n---------</controlfield><controlfield tag='008'>040629s2004    enka    ob    001 0 eng d</controlfield><datafield ind1=' ' ind2=' ' tag='020'><subfield code='a'>1-281-01604-7</subfield></datafield><datafield ind1=' ' ind2=' ' tag='020'><subfield code='a'>9786611016043</subfield></datafield><datafield ind1=' ' ind2=' ' tag='020'><subfield code='a'>0-08-047252-4</subfield></datafield><datafield ind1=' ' ind2=' ' tag='035'><subfield code='a'>(CKB)1000000000350328</subfield></datafield><datafield ind1=' ' ind2=' ' tag='035'><subfield code='a'>(EBL)288931</subfield></datafield><datafield ind1=' ' ind2=' ' tag='035'><subfield code='a'>(OCoLC)476042885</subfield></datafield><datafield ind1=' ' ind2=' ' tag='035'><subfield code='a'>(SSID)ssj0000139189</subfield></datafield><datafield ind1=' ' ind2=' ' tag='035'><subfield code='a'>(PQKBManifestationID)11146837</subfield></datafield><datafield ind1=' ' ind2=' ' tag='035'><subfield code='a'>(PQKBTitleCode)TC0000139189</subfield></datafield><datafield ind1=' ' ind2=' ' tag='035'><subfield code='a'>(PQKBWorkID)10017284</subfield></datafield><datafield ind1=' ' ind2=' ' tag='035'><subfield code='a'>(PQKB)11627428</subfield></datafield><datafield ind1=' ' ind2=' ' tag='035'><subfield code='a'>(MiAaPQ)EBC288931</subfield></datafield><datafield ind1=' ' ind2=' ' tag='035'><subfield code='a'>(EXLCZ)991000000000350328</subfield></datafield><datafield ind1=' ' ind2=' ' tag='040'><subfield code='a'>MiAaPQ</subfield><subfield code='c'>MiAaPQ</subfield><subfield code='d'>MiAaPQ</subfield></datafield><datafield ind1=' ' ind2=' ' tag='041'><subfield code='a'>eng</subfield></datafield><datafield ind1=' ' ind2='4' tag='050'><subfield code='a'>TK5102.9</subfield><subfield code='b'>.S76 2004</subfield></datafield><datafield ind1='0' ind2='0' tag='082'><subfield code='a'>621.3822</subfield></datafield><datafield ind1='1' ind2=' ' tag='100'><subfield code='a'>Stranneby, Dag.</subfield></datafield><datafield ind1='1' ind2='0' tag='245'><subfield code='a'>Digital signal processing and applications</subfield><subfield code='h'>[electronic resource] /</subfield><subfield code='c'>Dag Stranneby, William Walker.</subfield></datafield><datafield ind1=' ' ind2=' ' tag='250'><subfield code='a'>2nd ed.</subfield></datafield><datafield ind1=' ' ind2=' ' tag='260'><subfield code='a'>Oxford :</subfield><subfield code='b'>Newnes,</subfield><subfield code='c'>2004.</subfield></datafield><datafield ind1=' ' ind2=' ' tag='300'><subfield code='a'>1 online resource (368 p.)</subfield></datafield><datafield ind1=' ' ind2=' ' tag='336'><subfield code='a'>text</subfield><subfield code='b'>txt</subfield></datafield><datafield ind1=' ' ind2=' ' tag='337'><subfield code='a'>computer</subfield><subfield code='b'>c</subfield></datafield><datafield ind1=' ' ind2=' ' tag='338'><subfield code='a'>online resource</subfield><subfield code='b'>cr</subfield></datafield><datafield ind1=' ' ind2=' ' tag='500'><subfield code='a'>Description based upon print version of record.</subfield></datafield><datafield ind1='0' ind2=' ' tag='505'><subfield code='a'>Cover; Digital Signal Processing and Applications; Contents; Preface; 1 Introduction; Background; Objectives; 1.1 The history of digital signal processing; 1.1.1 Measurements and analysis; 1.1.2 Telecommunications; 1.1.3 Audio and television; 1.1.4 Household appliances and toys; 1.1.5 Automotive; 1.2 Digital signal processing basics; 1.2.1 Continuous and discrete signals; 1.2.2 Sampling and reconstruction; 1.2.3 Quantization; 1.2.4 Processing models for discrete-time series; 1.2.4.1 Linear systems; 1.2.4.2 The difference equation model; 1.2.4.3 The state-space model</subfield></datafield><datafield ind1='8' ind2=' ' tag='505'><subfield code='a'>1.2.4.4 The convolution model1.2.4.5 The transfer function model; 1.2.4.6 The frequency function model; 1.3 Common filters; 1.3.1 Filter architectures; 1.3.1.1 The non-recursive filter; 1.3.1.2 The recursive filter; 1.3.1.3 The lattice filter; 1.3.2 Filter synthesis; 1.3.2.1 Indirect filter synthesis; 1.3.2.2 Direct filter synthesis; 1.4 Digital control systems; 1.4.1 Proportional-integral-derivate controllers; 1.4.2 Advanced controllers; 1.4.2.2 Pole placement controller; Summary; Review questions; Solved problems; 2 The analog-digital interface; Background; Objectives</subfield></datafield><datafield ind1='8' ind2=' ' tag='505'><subfield code='a'>2.1 System considerations2.1.1 Encoding and modulation; 2.1.2 Number representation and companding systems; 2.2 Digital-to-analog conversion; 2.2.1 Multiplying digital-to-analog converters; 2.2.2 Integrating digital-to-analog converters; 2.2.3 Bitstream digital-to-analog converters; 2.2.4 Sample-and-hold and reconstruction filters; 2.3 Analog-to-digital conversion; 2.3.1 Anti-aliasing filters and sample-and-hold; 2.3.2 Flash analog-to-digital converters; 2.3.3 Successive approximation analog-to-digital converters; 2.3.4 Counting analog-to-digital converters</subfield></datafield><datafield ind1='8' ind2=' ' tag='505'><subfield code='a'>2.3.5 Integrating analog-to-digital converters2.3.6 Dither; 2.3.7 Sigma-delta analog-to-digital converters; Summary; Review questions; Solved problems; 3 Adaptive digital systems; Background; Objectives; 3.1 Introduction; 3.1.1 System structure; 3.2 The processor and the performance function; 3.2.1 The adaptive linear combiner; 3.2.2 The performance function; 3.3 Adaptation algorithms; 3.3.1 The method of steepest descent; 3.3.2 Newton&apos;s method; 3.3.3 The least mean square algorithm; 3.4 Applications; 3.4.1 Adaptive interference canceling; 3.4.2 Equalizers; 3.4.3 Adaptive beamforming; Summary</subfield></datafield><datafield ind1='8' ind2=' ' tag='505'><subfield code='a'>Review questionsSolved problems; 4 Non-linear applications; Background; Objectives; 4.1 The median filter; 4.1.1 Basics; 4.1.2 Threshold decomposition; 4.1.3 Performance; 4.1.4 Applications; 4.2 Artificial neural networks; 4.2.1 Background; 4.2.2 The models; 4.2.3 Some historical notes; 4.2.4 Feedforward networks; 4.2.4.1 Nodes; 4.2.4.2 Network topology; 4.2.4.3 Training and adaptation; 4.2.4.4 Applications; 4.2.5 Feedback networks; 4.2.5.1 Nodes; 4.2.5.2 Network topology; 4.2.5.3 Local and global minimum; 4.2.5.4 Applications; 4.2.6 An example application; 4.2.6.1 The problem</subfield></datafield><datafield ind1='8' ind2=' ' tag='505'><subfield code='a'>4.2.6.2 The Hamming net</subfield></datafield><datafield ind1=' ' ind2=' ' tag='520'><subfield code='a'>A uniquely practical DSP text, this book gives a thorough understanding of the principles and applications of DSP with a minimum of mathematics, and provides the reader with an introduction to DSP applications in telecoms, control engineering and measurement and data analysis systems.The new edition contains: Expanded coverage of the basic concepts to aid understanding New sections on filter sysnthesis, control theory and contemporary topics of speech and image recognition Full solutions to all questions and exercises in the book A complete on-line resource&lt;</subfield></datafield><datafield ind1=' ' ind2=' ' tag='546'><subfield code='a'>English</subfield></datafield><datafield ind1=' ' ind2=' ' tag='504'><subfield code='a'>Includes bibliographical references and index.</subfield></datafield><datafield ind1=' ' ind2='0' tag='650'><subfield code='a'>Signal processing</subfield><subfield code='x'>Digital techniques.</subfield></datafield><datafield ind1=' ' ind2='0' tag='650'><subfield code='a'>Signal processing.</subfield></datafield><datafield ind1=' ' ind2='4' tag='655'><subfield code='a'>Electronic books.</subfield></datafield><datafield ind1=' ' ind2=' ' tag='776'><subfield code='z'>0-7506-6344-8</subfield></datafield><datafield ind1='1' ind2=' ' tag='700'><subfield code='a'>Walker, William.</subfield></datafield><datafield ind1=' ' ind2=' ' tag='906'><subfield code='a'>BOOK</subfield></datafield><datafield ind1=' ' ind2=' ' tag='PRT'><subfield code='a'>53420484290003811</subfield><subfield code='b'>https://sandbox01-na.alma.exlibrisgroup.com/view/uresolver/01TULI_INST/openurl?u.ignore_date_coverage=true&amp;rft.mms_id=991036742951903811</subfield><subfield code='e'>Ebook Central</subfield><subfield code='c'>Ebook Central Academic Complete</subfield><subfield code='h'>614200000000000002</subfield><subfield code='8'>53420484290003811</subfield></datafield><datafield ind1=' ' ind2=' ' tag='PRT'><subfield code='a'>53364421310003811</subfield><subfield code='b'>https://sandbox01-na.alma.exlibrisgroup.com/view/uresolver/01TULI_INST/openurl?u.ignore_date_coverage=true&amp;rft.mms_id=991036742951903811</subfield><subfield code='e'>Elsevier ScienceDirect AutoLoad</subfield><subfield code='c'>Elsevier ScienceDirect Books Complete</subfield><subfield code='h'>613840000000000009</subfield><subfield code='8'>53364421310003811</subfield></datafield><datafield ind1=' ' ind2=' ' tag='PRT'><subfield code='a'>53404542540003811</subfield><subfield code='b'>https://sandbox01-na.alma.exlibrisgroup.com/view/uresolver/01TULI_INST/openurl?u.ignore_date_coverage=true&amp;rft.mms_id=991036742951903811</subfield><subfield code='e'>EBSCOhost</subfield><subfield code='c'>eBook EngineeringCore Collection</subfield><subfield code='h'>613790000000001573</subfield><subfield code='8'>53404542540003811</subfield></datafield><datafield ind1=' ' ind2=' ' tag='PRT'><subfield code='a'>53393387550003811</subfield><subfield code='b'>https://sandbox01-na.alma.exlibrisgroup.com/view/uresolver/01TULI_INST/openurl?u.ignore_date_coverage=true&amp;rft.mms_id=991036742951903811</subfield><subfield code='e'>EBSCOhost</subfield><subfield code='c'>EBSCOhost Academic eBook Collection (North America)</subfield><subfield code='h'>613640000000000029</subfield><subfield code='8'>53393387550003811</subfield></datafield></record>