
<record xmlns='http://www.loc.gov/MARC21/slim'><leader>01063nam  2200289 a 4500</leader><controlfield tag='001'>991036744682103811</controlfield><controlfield tag='005'>20170817205531.0</controlfield><controlfield tag='006'>m     o  d |      </controlfield><controlfield tag='007'>cr||||||||||||</controlfield><controlfield tag='008'>100407s2010    njua    ob    001 0 eng d</controlfield><datafield ind1=' ' ind2=' ' tag='010'><subfield code='z'>  2010277951</subfield></datafield><datafield ind1=' ' ind2=' ' tag='020'><subfield code='a'>1-282-76020-3</subfield></datafield><datafield ind1=' ' ind2=' ' tag='020'><subfield code='a'>9786612760204</subfield></datafield><datafield ind1=' ' ind2=' ' tag='020'><subfield code='a'>981-279-028-4</subfield></datafield><datafield ind1=' ' ind2=' ' tag='035'><subfield code='a'>(CKB)2490000000001718</subfield></datafield><datafield ind1=' ' ind2=' ' tag='035'><subfield code='a'>(StDuBDS)AH24684896</subfield></datafield><datafield ind1=' ' ind2=' ' tag='035'><subfield code='a'>(SSID)ssj0000420983</subfield></datafield><datafield ind1=' ' ind2=' ' tag='035'><subfield code='a'>(PQKBManifestationID)12154529</subfield></datafield><datafield ind1=' ' ind2=' ' tag='035'><subfield code='a'>(PQKBTitleCode)TC0000420983</subfield></datafield><datafield ind1=' ' ind2=' ' tag='035'><subfield code='a'>(PQKBWorkID)10411691</subfield></datafield><datafield ind1=' ' ind2=' ' tag='035'><subfield code='a'>(PQKB)10437182</subfield></datafield><datafield ind1=' ' ind2=' ' tag='035'><subfield code='a'>(MiAaPQ)EBC1681261</subfield></datafield><datafield ind1=' ' ind2=' ' tag='035'><subfield code='a'>(EXLCZ)992490000000001718</subfield></datafield><datafield ind1=' ' ind2=' ' tag='040'><subfield code='a'>MiAaPQ</subfield><subfield code='c'>MiAaPQ</subfield><subfield code='d'>MiAaPQ</subfield></datafield><datafield ind1=' ' ind2=' ' tag='041'><subfield code='a'>eng</subfield></datafield><datafield ind1=' ' ind2='4' tag='050'><subfield code='a'>TK5102.9</subfield><subfield code='b'>.P37 2010</subfield></datafield><datafield ind1=' ' ind2='7' tag='072'><subfield code='a'>TEC</subfield><subfield code='2'>ukslc</subfield></datafield><datafield ind1=' ' ind2='7' tag='072'><subfield code='a'>UYS</subfield><subfield code='2'>bicssc</subfield></datafield><datafield ind1='0' ind2='4' tag='082'><subfield code='a'>621.3822</subfield><subfield code='2'>22</subfield></datafield><datafield ind1='1' ind2=' ' tag='100'><subfield code='a'>Park, Tae Hong,</subfield><subfield code='d'>1969-</subfield></datafield><datafield ind1='1' ind2='0' tag='245'><subfield code='a'>Introduction to digital signal processing</subfield><subfield code='h'>[electronic resource] :</subfield><subfield code='b'>computer musically speaking /</subfield><subfield code='c'>Tae Hong Park.</subfield></datafield><datafield ind1=' ' ind2=' ' tag='260'><subfield code='a'>Hackensack, N.J. :</subfield><subfield code='b'>World Scientific,</subfield><subfield code='c'>c2010.</subfield></datafield><datafield ind1=' ' ind2=' ' tag='300'><subfield code='a'>1 online resource (xx, 429 p. ) </subfield><subfield code='b'>ill.</subfield></datafield><datafield ind1=' ' ind2=' ' tag='336'><subfield code='a'>text</subfield><subfield code='b'>txt</subfield></datafield><datafield ind1=' ' ind2=' ' tag='337'><subfield code='a'>computer</subfield><subfield code='b'>c</subfield></datafield><datafield ind1=' ' ind2=' ' tag='338'><subfield code='a'>online resource</subfield><subfield code='b'>cr</subfield></datafield><datafield ind1=' ' ind2=' ' tag='504'><subfield code='a'>Includes bibliographical references and index.</subfield></datafield><datafield ind1='0' ind2=' ' tag='505'><subfield code='a'>Acoustics, Hearing Limitations, and Sampling; Time-Domain Processes I; Time-Domain Processes II; Sine Waves; Linear-Time Invariant Systems; Frequency Response; Filters; Frequency-Domain I: Introduction to the Fourier Transform; Frequency-Domain II: Spectral Analysis and Synthesis.</subfield></datafield><datafield ind1='8' ind2=' ' tag='520'><subfield code='a'>Offers an introduction to digital signal processing (DSP), with an emphasis on digital audio and computer music. This book covers the mathematical foundations of DSP, important DSP theories including classic sound synthesis algorithms and effects as well as time- and frequency- domain analyses, and associated musical and sound examples.</subfield></datafield><datafield ind1=' ' ind2=' ' tag='533'><subfield code='a'>Electronic reproduction.</subfield><subfield code='c'>Askews and Holts.</subfield><subfield code='n'>Mode of access: World Wide Web.</subfield></datafield><datafield ind1=' ' ind2=' ' tag='500'><subfield code='a'>Bibliographic Level Mode of Issuance: Monograph</subfield></datafield><datafield ind1=' ' ind2=' ' tag='546'><subfield code='a'>English</subfield></datafield><datafield ind1=' ' ind2='0' tag='650'><subfield code='a'>Signal processing</subfield><subfield code='x'>Digital techniques.</subfield></datafield><datafield ind1=' ' ind2='0' tag='650'><subfield code='a'>Computer sound processing.</subfield></datafield><datafield ind1=' ' ind2='0' tag='650'><subfield code='a'>Computer music.</subfield></datafield><datafield ind1=' ' ind2='4' tag='655'><subfield code='a'>Electronic books.</subfield></datafield><datafield ind1=' ' ind2=' ' tag='776'><subfield code='z'>981-279-027-6</subfield></datafield><datafield ind1=' ' ind2=' ' tag='906'><subfield code='a'>BOOK</subfield></datafield><datafield ind1=' ' ind2=' ' tag='PRT'><subfield code='a'>53422497410003811</subfield><subfield code='b'>https://sandbox01-na.alma.exlibrisgroup.com/view/uresolver/01TULI_INST/openurl?u.ignore_date_coverage=true&amp;rft.mms_id=991036744682103811</subfield><subfield code='e'>Ebook Central</subfield><subfield code='c'>Ebook Central Academic Complete</subfield><subfield code='h'>614200000000000002</subfield><subfield code='8'>53422497410003811</subfield></datafield><datafield ind1=' ' ind2=' ' tag='PRT'><subfield code='a'>53396509570003811</subfield><subfield code='b'>https://sandbox01-na.alma.exlibrisgroup.com/view/uresolver/01TULI_INST/openurl?u.ignore_date_coverage=true&amp;rft.mms_id=991036744682103811</subfield><subfield code='e'>EBSCOhost</subfield><subfield code='c'>EBSCOhost eBook Community College Collection</subfield><subfield code='h'>613860000000000003</subfield><subfield code='8'>53396509570003811</subfield></datafield><datafield ind1=' ' ind2=' ' tag='PRT'><subfield code='a'>53393968290003811</subfield><subfield code='b'>https://sandbox01-na.alma.exlibrisgroup.com/view/uresolver/01TULI_INST/openurl?u.ignore_date_coverage=true&amp;rft.mms_id=991036744682103811</subfield><subfield code='e'>EBSCOhost</subfield><subfield code='c'>EBSCOhost Academic eBook Collection (North America)</subfield><subfield code='h'>613640000000000029</subfield><subfield code='8'>53393968290003811</subfield></datafield><datafield ind1=' ' ind2=' ' tag='PRT'><subfield code='a'>53404646090003811</subfield><subfield code='b'>https://sandbox01-na.alma.exlibrisgroup.com/view/uresolver/01TULI_INST/openurl?u.ignore_date_coverage=true&amp;rft.mms_id=991036744682103811</subfield><subfield code='e'>EBSCOhost</subfield><subfield code='c'>eBook EngineeringCore Collection</subfield><subfield code='h'>613790000000001573</subfield><subfield code='8'>53404646090003811</subfield></datafield></record>