
<record xmlns='http://www.loc.gov/MARC21/slim'><leader>01660nam  2200373 i 4500</leader><controlfield tag='001'>991036793064903811</controlfield><controlfield tag='005'>20170809164610.0</controlfield><controlfield tag='006'>m     o  d |      </controlfield><controlfield tag='007'>cr -n---------</controlfield><controlfield tag='008'>160815t20062006njua    ob    001 0 eng d</controlfield><datafield ind1=' ' ind2=' ' tag='020'><subfield code='a'>1-280-44902-0</subfield></datafield><datafield ind1=' ' ind2=' ' tag='020'><subfield code='a'>9786610449026</subfield></datafield><datafield ind1=' ' ind2=' ' tag='020'><subfield code='a'>0-470-03552-8</subfield></datafield><datafield ind1=' ' ind2=' ' tag='020'><subfield code='a'>0-470-03551-X</subfield></datafield><datafield ind1=' ' ind2=' ' tag='035'><subfield code='a'>(CKB)1000000000357387</subfield></datafield><datafield ind1=' ' ind2=' ' tag='035'><subfield code='a'>(EBL)257705</subfield></datafield><datafield ind1=' ' ind2=' ' tag='035'><subfield code='a'>(OCoLC)71626149</subfield></datafield><datafield ind1=' ' ind2=' ' tag='035'><subfield code='a'>(SSID)ssj0000233504</subfield></datafield><datafield ind1=' ' ind2=' ' tag='035'><subfield code='a'>(PQKBManifestationID)11220587</subfield></datafield><datafield ind1=' ' ind2=' ' tag='035'><subfield code='a'>(PQKBTitleCode)TC0000233504</subfield></datafield><datafield ind1=' ' ind2=' ' tag='035'><subfield code='a'>(PQKBWorkID)10234363</subfield></datafield><datafield ind1=' ' ind2=' ' tag='035'><subfield code='a'>(PQKB)11585100</subfield></datafield><datafield ind1=' ' ind2=' ' tag='035'><subfield code='a'>(MiAaPQ)EBC257705</subfield></datafield><datafield ind1=' ' ind2=' ' tag='035'><subfield code='a'>(EXLCZ)991000000000357387</subfield></datafield><datafield ind1=' ' ind2=' ' tag='040'><subfield code='a'>MiAaPQ</subfield><subfield code='b'>eng</subfield><subfield code='e'>rda</subfield><subfield code='e'>pn</subfield><subfield code='c'>MiAaPQ</subfield><subfield code='d'>MiAaPQ</subfield></datafield><datafield ind1=' ' ind2=' ' tag='041'><subfield code='a'>eng</subfield></datafield><datafield ind1=' ' ind2='4' tag='050'><subfield code='a'>TK5102.9</subfield><subfield code='b'>.K86 2006</subfield></datafield><datafield ind1='0' ind2='0' tag='082'><subfield code='a'>621.3822</subfield></datafield><datafield ind1='1' ind2=' ' tag='100'><subfield code='a'>Kuo, Sen M.</subfield><subfield code='q'>(Sen-Maw),</subfield><subfield code='e'>author.</subfield></datafield><datafield ind1='1' ind2='0' tag='245'><subfield code='a'>Real-time digital signal processing :</subfield><subfield code='b'>implementations and applications /</subfield><subfield code='c'>Sen M. Kuo, Bob H. Lee, Wenshun Tian.</subfield></datafield><datafield ind1=' ' ind2=' ' tag='250'><subfield code='a'>Second edition.</subfield></datafield><datafield ind1=' ' ind2='1' tag='264'><subfield code='a'>Chichester, England :</subfield><subfield code='b'>John Wiley &amp; Sons Inc.,</subfield><subfield code='c'>2006.</subfield></datafield><datafield ind1=' ' ind2='4' tag='264'><subfield code='c'>©2006</subfield></datafield><datafield ind1=' ' ind2=' ' tag='300'><subfield code='a'>1 online resource (666 p.)</subfield></datafield><datafield ind1=' ' ind2=' ' tag='336'><subfield code='a'>text</subfield><subfield code='b'>txt</subfield></datafield><datafield ind1=' ' ind2=' ' tag='337'><subfield code='a'>computer</subfield><subfield code='b'>c</subfield></datafield><datafield ind1=' ' ind2=' ' tag='338'><subfield code='a'>online resource</subfield><subfield code='b'>cr</subfield></datafield><datafield ind1=' ' ind2=' ' tag='500'><subfield code='a'>Description based upon print version of record.</subfield></datafield><datafield ind1='0' ind2=' ' tag='505'><subfield code='a'>Real-Time Digital Signal Processing; Contents; Preface; 1 Introduction to Real-Time Digital Signal Processing; 2 Introduction to TMS320C55x Digital Signal Processor; 3 DSP Fundamentals and Implementation Considerations; 4 Design and Implementation of FIR Filters; 5 Design and Implementation of IIR Filters; 6 Frequency Analysis and Fast Fourier Transform; 7 Adaptive Filtering; 8 Digital Signal Generators; 9 Dual-Tone Multifrequency Detection; 10 Adaptive Echo Cancelation; 11 Speech-Coding Techniques; 12 Speech Enhancement Techniques; 13 Audio Signal Processing; 14 Channel Coding Techniques</subfield></datafield><datafield ind1='8' ind2=' ' tag='505'><subfield code='a'>15 Introduction to Digital Image ProcessingAppendix A Some Useful Formulas and Definitions; Appendix B Software Organization and List of Experiments; Index; </subfield></datafield><datafield ind1=' ' ind2=' ' tag='520'><subfield code='a'>Real-time Digital Signal Processing: Implementations and Applications has been completely updated and revised for the 2nd edition and remains the only book on DSP to provide an overview of DSP theory and programming with hands-on experiments using MATLAB.</subfield></datafield><datafield ind1=' ' ind2=' ' tag='546'><subfield code='a'>English</subfield></datafield><datafield ind1=' ' ind2=' ' tag='504'><subfield code='a'>Includes bibliographical references at the end of each chapters and index.</subfield></datafield><datafield ind1=' ' ind2=' ' tag='588'><subfield code='a'>Description based on print version record.</subfield></datafield><datafield ind1=' ' ind2='0' tag='650'><subfield code='a'>Signal processing</subfield><subfield code='x'>Digital techniques.</subfield></datafield><datafield ind1=' ' ind2='0' tag='650'><subfield code='a'>Texas Instruments TMS320 series microprocessors.</subfield></datafield><datafield ind1=' ' ind2='4' tag='655'><subfield code='a'>Electronic books.</subfield></datafield><datafield ind1=' ' ind2=' ' tag='776'><subfield code='z'>0-470-01495-4</subfield></datafield><datafield ind1='1' ind2=' ' tag='700'><subfield code='a'>Tian, Wenshun,</subfield><subfield code='e'>author.</subfield></datafield><datafield ind1='1' ind2=' ' tag='700'><subfield code='a'>Lee, Bob H.,</subfield><subfield code='e'>author.</subfield></datafield><datafield ind1=' ' ind2=' ' tag='906'><subfield code='a'>BOOK</subfield></datafield><datafield ind1=' ' ind2=' ' tag='ADM'><subfield code='b'>2017-12-02 12:03:05</subfield><subfield code='e'>991000000000357387</subfield><subfield code='d'>NON_SFX</subfield><subfield code='f'>20160804032651.0</subfield><subfield code='a'>2012-02-25 22:52:52</subfield><subfield code='c'>false</subfield></datafield><datafield ind1=' ' ind2=' ' tag='PRT'><subfield code='a'>53363455210003811</subfield><subfield code='b'>https://sandbox01-na.alma.exlibrisgroup.com/view/uresolver/01TULI_INST/openurl?u.ignore_date_coverage=true&amp;rft.mms_id=991036793064903811</subfield><subfield code='e'>Wiley Online Library</subfield><subfield code='9'>Available</subfield><subfield code='c'>Wiley Online Library UBCM all Online Books</subfield><subfield code='h'>613800000000000218</subfield><subfield code='8'>53363455210003811</subfield></datafield></record>