
<record xmlns='http://www.loc.gov/MARC21/slim'><leader>04987nam a22008775i 4500</leader><controlfield tag='001'>991036797987103811</controlfield><controlfield tag='005'>20180327155115.0</controlfield><controlfield tag='006'>m     o  d |      </controlfield><controlfield tag='007'>cr -n---------</controlfield><controlfield tag='008'>100301s2006    gw |    o    |||| 0|eng d</controlfield><datafield ind1=' ' ind2=' ' tag='010'><subfield code='z'>  2006931130</subfield></datafield><datafield ind1=' ' ind2=' ' tag='020'><subfield code='a'>9786610816132</subfield></datafield><datafield ind1=' ' ind2=' ' tag='020'><subfield code='a'>1-280-81613-9</subfield></datafield><datafield ind1=' ' ind2=' ' tag='020'><subfield code='a'>3-540-37631-3</subfield></datafield><datafield ind1=' ' ind2=' ' tag='020'><subfield code='a'>1-280-70194-3</subfield></datafield><datafield ind1=' ' ind2=' ' tag='020'><subfield code='a'>0-387-27674-2</subfield></datafield><datafield ind1=' ' ind2=' ' tag='020'><subfield code='a'>0-387-27676-9</subfield></datafield><datafield ind1='7' ind2=' ' tag='024'><subfield code='a'>10.1007/0-387-27676-9</subfield><subfield code='2'>doi</subfield></datafield><datafield ind1=' ' ind2=' ' tag='035'><subfield code='a'>(CKB)2670000000356425</subfield></datafield><datafield ind1=' ' ind2=' ' tag='035'><subfield code='a'>(EBL)322973</subfield></datafield><datafield ind1=' ' ind2=' ' tag='035'><subfield code='a'>(OCoLC)613454877</subfield></datafield><datafield ind1=' ' ind2=' ' tag='035'><subfield code='a'>(SSID)ssj0000287875</subfield></datafield><datafield ind1=' ' ind2=' ' tag='035'><subfield code='a'>(PQKBManifestationID)11213568</subfield></datafield><datafield ind1=' ' ind2=' ' tag='035'><subfield code='a'>(PQKBTitleCode)TC0000287875</subfield></datafield><datafield ind1=' ' ind2=' ' tag='035'><subfield code='a'>(PQKBWorkID)10373109</subfield></datafield><datafield ind1=' ' ind2=' ' tag='035'><subfield code='a'>(PQKB)10140596</subfield></datafield><datafield ind1=' ' ind2=' ' tag='035'><subfield code='a'>(SSID)ssj0000096743</subfield></datafield><datafield ind1=' ' ind2=' ' tag='035'><subfield code='a'>(PQKBManifestationID)11121960</subfield></datafield><datafield ind1=' ' ind2=' ' tag='035'><subfield code='a'>(PQKBTitleCode)TC0000096743</subfield></datafield><datafield ind1=' ' ind2=' ' tag='035'><subfield code='a'>(PQKBWorkID)10081895</subfield></datafield><datafield ind1=' ' ind2=' ' tag='035'><subfield code='a'>(PQKB)11622022</subfield></datafield><datafield ind1=' ' ind2=' ' tag='035'><subfield code='a'>(SSID)ssj0000767745</subfield></datafield><datafield ind1=' ' ind2=' ' tag='035'><subfield code='a'>(PQKBManifestationID)12257285</subfield></datafield><datafield ind1=' ' ind2=' ' tag='035'><subfield code='a'>(PQKBTitleCode)TC0000767745</subfield></datafield><datafield ind1=' ' ind2=' ' tag='035'><subfield code='a'>(PQKBWorkID)10758542</subfield></datafield><datafield ind1=' ' ind2=' ' tag='035'><subfield code='a'>(PQKB)11662659</subfield></datafield><datafield ind1=' ' ind2=' ' tag='035'><subfield code='a'>(DE-He213)978-0-387-27676-2</subfield></datafield><datafield ind1=' ' ind2=' ' tag='035'><subfield code='a'>(DE-He213)978-3-540-37631-6</subfield></datafield><datafield ind1=' ' ind2=' ' tag='035'><subfield code='a'>(MiAaPQ)EBC322973</subfield></datafield><datafield ind1=' ' ind2=' ' tag='035'><subfield code='a'>(MiAaPQ)EBC301328</subfield></datafield><datafield ind1=' ' ind2=' ' tag='035'><subfield code='a'>(EXLCZ)992670000000356425</subfield></datafield><datafield ind1=' ' ind2=' ' tag='040'><subfield code='a'>MiAaPQ</subfield><subfield code='b'>eng</subfield><subfield code='e'>rda</subfield><subfield code='e'>pn</subfield><subfield code='c'>MiAaPQ</subfield><subfield code='d'>MiAaPQ</subfield></datafield><datafield ind1=' ' ind2=' ' tag='041'><subfield code='a'>eng</subfield></datafield><datafield ind1=' ' ind2='4' tag='050'><subfield code='a'>TK5102.9</subfield></datafield><datafield ind1=' ' ind2='4' tag='050'><subfield code='a'>TA1637-1638</subfield></datafield><datafield ind1=' ' ind2='4' tag='050'><subfield code='a'>TK7882.S65</subfield></datafield><datafield ind1=' ' ind2='7' tag='072'><subfield code='a'>TTBM</subfield><subfield code='2'>bicssc</subfield></datafield><datafield ind1=' ' ind2='7' tag='072'><subfield code='a'>UYS</subfield><subfield code='2'>bicssc</subfield></datafield><datafield ind1=' ' ind2='7' tag='072'><subfield code='a'>TEC008000</subfield><subfield code='2'>bisacsh</subfield></datafield><datafield ind1=' ' ind2='7' tag='072'><subfield code='a'>COM073000</subfield><subfield code='2'>bisacsh</subfield></datafield><datafield ind1='0' ind2='0' tag='082'><subfield code='a'>621.382</subfield></datafield><datafield ind1='1' ind2=' ' tag='100'><subfield code='a'>Huang, Yiteng.</subfield><subfield code='e'>author.</subfield></datafield><datafield ind1='1' ind2='0' tag='245'><subfield code='a'>Acoustic MIMO Signal Processing</subfield><subfield code='h'>[electronic resource] /</subfield><subfield code='c'>by Yiteng Huang, Jacob Benesty, Jingdong Chen.</subfield></datafield><datafield ind1=' ' ind2='1' tag='264'><subfield code='a'>Berlin, Heidelberg :</subfield><subfield code='b'>Springer Berlin Heidelberg,</subfield><subfield code='c'>2006.</subfield></datafield><datafield ind1=' ' ind2=' ' tag='300'><subfield code='a'>1 online resource (382 p.)</subfield></datafield><datafield ind1=' ' ind2=' ' tag='336'><subfield code='a'>text</subfield><subfield code='b'>txt</subfield></datafield><datafield ind1=' ' ind2=' ' tag='337'><subfield code='a'>computer</subfield><subfield code='b'>c</subfield></datafield><datafield ind1=' ' ind2=' ' tag='338'><subfield code='a'>online resource</subfield><subfield code='b'>cr</subfield></datafield><datafield ind1=' ' ind2=' ' tag='347'><subfield code='a'>text file</subfield><subfield code='b'>PDF</subfield><subfield code='2'>rda</subfield></datafield><datafield ind1='1' ind2=' ' tag='490'><subfield code='a'>Signals and Communication Technology,</subfield><subfield code='x'>1860-4862</subfield></datafield><datafield ind1=' ' ind2=' ' tag='500'><subfield code='a'>Description based upon print version of record.</subfield></datafield><datafield ind1=' ' ind2=' ' tag='546'><subfield code='a'>English</subfield></datafield><datafield ind1=' ' ind2=' ' tag='504'><subfield code='a'>Includes bibliographical references (p. [353]-371) and index.</subfield></datafield><datafield ind1=' ' ind2=' ' tag='588'><subfield code='a'>Description based on print version record.</subfield></datafield><datafield ind1='0' ind2=' ' tag='505'><subfield code='a'>Theory -- Acoustic MIMO Systems -- Wiener Filter and Basic Adaptive Algorithms -- Sparse Adaptive Filters -- Frequency-Domain Adaptive Filters -- Blind Identification of Acoustic MIMO Systems -- Separation and Suppression of Co-Channel and Temporal Interference -- Applications -- Acoustic Echo Cancellation and Audio Bridging -- Time Delay Estimation and Acoustic Source Localization -- Speech Enhancement and Noise Reduction -- Source Separation and Speech Dereverberation.</subfield></datafield><datafield ind1=' ' ind2=' ' tag='520'><subfield code='a'>Acoustic MIMO Signal Processing Yiteng (Arden) Huang Jacob Benesty Jingdong Chen Telecommunication systems and human-machine interfaces start employing multiple microphones and loudspeakers in order to make conversations and interactions more lifelike, hence more efficient. This development gives rise to a variety of acoustic signal processing problems under multiple-input multiple-output (MIMO) scenarios, encompassing distant speech acquisition, sound source localization and tracking, echo and noise control, source separation and speech dereverberation, and many others. The last decade has witnessed a growing interest in exploring these problems, but there has been little effort to develop a theory to have all these problems investigated in a unified framework. This unique book attempts to fill the gap. Acoustic MIMO Signal Processing is divided into two major parts - the theoretical and the practical. The authors begin by introducing an acoustic MIMO paradigm, establishing the fundamental of the field, and linking acoustic MIMO signal processing with the concepts of classical signal processing and communication theories in terms of system identification, equalization, and adaptive algorithms. In the second part of the book, a novel and penetrating analysis of aforementioned acoustic applications is carried out in the paradigm to reinforce the fundamental concepts of acoustic MIMO signal processing. Acoustic MIMO Signal Processing is a timely and important professional reference for researchers and practicing engineers from universities and a wide range of industries. It is also an excellent text for graduate students who are interested in this exciting field.</subfield></datafield><datafield ind1=' ' ind2='0' tag='650'><subfield code='a'>MIMO systems.</subfield></datafield><datafield ind1=' ' ind2='0' tag='650'><subfield code='a'>Signal processing</subfield><subfield code='x'>Digital techniques</subfield><subfield code='x'>Mathematics.</subfield></datafield><datafield ind1=' ' ind2='0' tag='650'><subfield code='a'>Speech processing systems.</subfield></datafield><datafield ind1=' ' ind2='4' tag='655'><subfield code='a'>Electronic books.</subfield></datafield><datafield ind1='0' ind2=' ' tag='760'><subfield code='t'>Signals and Communication Technology</subfield><subfield code='w'>(CKB)1000000000498738</subfield><subfield code='w'>(DLC)</subfield><subfield code='w'>(OCoLC)</subfield><subfield code='x'>1860-4870</subfield></datafield><datafield ind1=' ' ind2=' ' tag='776'><subfield code='z'>3-642-07230-5</subfield></datafield><datafield ind1=' ' ind2=' ' tag='776'><subfield code='z'>3-540-37630-5</subfield></datafield><datafield ind1='1' ind2=' ' tag='700'><subfield code='a'>Benesty, Jacob.</subfield><subfield code='e'>author.</subfield></datafield><datafield ind1='1' ind2=' ' tag='700'><subfield code='a'>Chen, Jingdong.</subfield><subfield code='e'>author.</subfield></datafield><datafield ind1=' ' ind2='0' tag='830'><subfield code='a'>Signals and Communication Technology,</subfield><subfield code='x'>1860-4862</subfield></datafield><datafield ind1=' ' ind2=' ' tag='906'><subfield code='a'>BOOK</subfield></datafield><datafield ind1=' ' ind2=' ' tag='ADM'><subfield code='b'>2018-03-29 05:12:09</subfield><subfield code='e'>992670000000356425</subfield><subfield code='d'>NON_SFX</subfield><subfield code='f'>20151204155521.0</subfield><subfield code='a'>2013-06-02 06:22:06</subfield><subfield code='c'>false</subfield></datafield><datafield ind1=' ' ind2=' ' tag='PRT'><subfield code='a'>53366086450003811</subfield><subfield code='b'>https://sandbox01-na.alma.exlibrisgroup.com/view/uresolver/01TULI_INST/openurl?u.ignore_date_coverage=true&amp;rft.mms_id=991036797987103811</subfield><subfield code='e'>Springer Link</subfield><subfield code='9'>Available</subfield><subfield code='c'>SpringerLink Books Complete</subfield><subfield code='h'>611000000000001381</subfield><subfield code='8'>53366086450003811</subfield></datafield></record>