
<record xmlns='http://www.loc.gov/MARC21/slim'><leader>03123nam  2200325 a 4500</leader><controlfield tag='001'>991036746259903811</controlfield><controlfield tag='005'>20170817212304.0</controlfield><controlfield tag='006'>m     o  d |      </controlfield><controlfield tag='007'>cr -n---------</controlfield><controlfield tag='008'>130612s2013    enkad   ob    001 0 eng d</controlfield><datafield ind1=' ' ind2=' ' tag='010'><subfield code='z'>  2013018929</subfield></datafield><datafield ind1=' ' ind2=' ' tag='020'><subfield code='a'>1-118-70668-4</subfield></datafield><datafield ind1=' ' ind2=' ' tag='020'><subfield code='a'>1-118-70670-6</subfield></datafield><datafield ind1=' ' ind2=' ' tag='020'><subfield code='a'>1-118-70669-2</subfield></datafield><datafield ind1=' ' ind2=' ' tag='035'><subfield code='a'>(CKB)2550000001111869</subfield></datafield><datafield ind1=' ' ind2=' ' tag='035'><subfield code='a'>(EBL)1434100</subfield></datafield><datafield ind1=' ' ind2=' ' tag='035'><subfield code='a'>(OCoLC)862047111</subfield></datafield><datafield ind1=' ' ind2=' ' tag='035'><subfield code='a'>(MiAaPQ)EBC1434100</subfield></datafield><datafield ind1=' ' ind2=' ' tag='035'><subfield code='a'>(EXLCZ)992550000001111869</subfield></datafield><datafield ind1=' ' ind2=' ' tag='040'><subfield code='a'>MiAaPQ</subfield><subfield code='c'>MiAaPQ</subfield><subfield code='d'>MiAaPQ</subfield></datafield><datafield ind1=' ' ind2='4' tag='050'><subfield code='a'>TK5102.9</subfield><subfield code='b'>.K86 2013</subfield></datafield><datafield ind1='0' ind2='4' tag='082'><subfield code='a'>621.382/2</subfield><subfield code='2'>23</subfield></datafield><datafield ind1='1' ind2=' ' tag='100'><subfield code='a'>Kuo, Sen M.</subfield><subfield code='q'>(Sen-Maw)</subfield></datafield><datafield ind1='1' ind2='0' tag='245'><subfield code='a'>Real-time digital signal processing</subfield><subfield code='h'>[electronic resource] :</subfield><subfield code='b'>fundamentals, implementations and applications /</subfield><subfield code='c'>Sen M. Kuo, Bob H. Lee, Wenshun Tian.</subfield></datafield><datafield ind1=' ' ind2=' ' tag='250'><subfield code='a'>3rd ed.</subfield></datafield><datafield ind1=' ' ind2=' ' tag='260'><subfield code='a'>Chichester, West Sussex :</subfield><subfield code='b'>Wiley,</subfield><subfield code='c'>2013.</subfield></datafield><datafield ind1=' ' ind2=' ' tag='300'><subfield code='a'>1 online resource (566 p.)</subfield></datafield><datafield ind1=' ' ind2=' ' tag='500'><subfield code='a'>Description based upon print version of record.</subfield></datafield><datafield ind1='0' ind2=' ' tag='505'><subfield code='a'>Real-Time Digital Signal Processing: Fundamentals, implementations and applications; Contents; Preface; Acknowledgments; 1 Introduction to Real-Time Digital Signal Processing; 1.1 Basic Elements of Real-Time DSP Systems; 1.2 Analog Interface; 1.2.1 Sampling; 1.2.2 Quantization and Encoding; 1.2.3 Smoothing Filters; 1.2.4 Data Converters; 1.3 DSP Hardware; 1.3.1 DSP Hardware Options; 1.3.2 Digital Signal Processors; 1.3.3 Fixed- and Floating-Point Processors; 1.3.4 Real-Time Constraints; 1.4 DSP System Design; 1.4.1 Algorithm Development; 1.4.2 Selection of DSP Hardware</subfield></datafield><datafield ind1='8' ind2=' ' tag='505'><subfield code='a'>1.4.3 Software Development1.4.4 Software Development Tools; 1.5 Experiments and Program Examples; 1.5.1 Get Started with CCS and eZdsp; 1.5.2 C File I/O Functions; 1.5.3 User Interface for eZdsp; 1.5.4 Audio Playback Using eZdsp; 1.5.5 Audio Loopback Using eZdsp; Exercises; References; 2 DSP Fundamentals and Implementation Considerations; 2.1 Digital Signals and Systems; 2.1.1 Elementary Digital Signals; 2.1.2 Block Diagram Representation of Digital Systems; 2.2 System Concepts; 2.2.1 LTI Systems; 2.2.2 The z-transform; 2.2.3 Transfer Functions; 2.2.4 Poles and Zeros</subfield></datafield><datafield ind1='8' ind2=' ' tag='505'><subfield code='a'>2.2.5 Frequency Responses2.2.6 Discrete Fourier Transform; 2.3 Introduction to Random Variables; 2.3.1 Review of Random Variables; 2.3.2 Operations of Random Variables; 2.4 Fixed-Point Representations and Quantization Effects; 2.4.1 Fixed-Point Formats; 2.4.2 Quantization Errors; 2.4.3 Signal Quantization; 2.4.4 Coefficient Quantization; 2.4.5 Roundoff Noise; 2.4.6 Fixed-Point Toolbox; 2.5 Overflow and Solutions; 2.5.1 Saturation Arithmetic; 2.5.2 Overflow Handling; 2.5.3 Scaling of Signals; 2.5.4 Guard Bits; 2.6 Experiments and Program Examples; 2.6.1 Overflow and Saturation Arithmetic</subfield></datafield><datafield ind1='8' ind2=' ' tag='505'><subfield code='a'>2.6.2 Function Approximations2.6.3 Real-Time Signal Generation Using eZdsp; Exercises; References; 3 Design and Implementation of FIR Filters; 3.1 Introduction to FIR Filters; 3.1.1 Filter Characteristics; 3.1.2 Filter Types; 3.1.3 Filter Specifications; 3.1.4 Linear Phase FIR Filters; 3.1.5 Realization of FIR Filters; 3.2 Design of FIR Filters; 3.2.1 Fourier Series Method; 3.2.2 Gibbs Phenomenon; 3.2.3 Window Functions; 3.2.4 Design of FIR Filters Using MATLAB®; 3.2.5 Design of FIR Filters Using the FDATool; 3.3 Implementation Considerations; 3.3.1 Quantization Effects in FIR Filters</subfield></datafield><datafield ind1='8' ind2=' ' tag='505'><subfield code='a'>3.3.2 MATLAB® Implementations3.3.3 Floating-Point C Implementations; 3.3.4 Fixed-Point C Implementations; 3.4 Applications: Interpolation and Decimation Filters; 3.4.1 Interpolation; 3.4.2 Decimation; 3.4.3 Sampling Rate Conversion; 3.4.4 MATLAB® Implementations; 3.5 Experiments and Program Examples; 3.5.1 FIR Filtering Using Fixed-Point C; 3.5.2 FIR Filtering Using C55xx Assembly Program; 3.5.3 Symmetric FIR Filtering Using C55xx Assembly Program; 3.5.4 Optimization Using Dual-MAC Architecture; 3.5.5 Real-Time FIR Filtering; 3.5.6 Decimation Using C and Assembly Programs</subfield></datafield><datafield ind1='8' ind2=' ' tag='505'><subfield code='a'>3.5.7 Interpolation Using Fixed-Point C</subfield></datafield><datafield ind1=' ' ind2=' ' tag='520'><subfield code='a'>&quot;Real-Time Digital Signal Processing introduces fundamental digital signal processing (DSP) principles and will be updated to include the latest DSP applications, introduce new software development tools and adjust the software design process to reflect the latest advances in the field. In the 3rd edition of the book, the key aspect of hands-on experiments will be enhanced to make the DSP principles more interesting and directly interact with the real-world applications. All of the programs will be carefully updated using the most recent version of software development tools and the new TMS320VC5505 eZdsp USB Stick for real-time experiments. Due to its lower cost and portability, the new software and hardware tools are now widely used in university labs and in commercial industrial companies to replace the older and more expensive generation. The new edition will have a renewed focus on real-time applications and will offer step-by-step hands-on experiments for a complete design cycle starting from floating-point C language program to fixed-point C implementation, code optimization using INTRINSICS, and mixed C-and-assembly programming on fixed-point DSP processors. This new methodology enables readers to concentrate on learning DSP fundamentals and innovative applications by relaxing the intensive programming efforts, namely, the traditional DSP assembly coding efforts. The book is organized into two parts; Part One introduces the digital signal processing principles and theories, and Part Two focuses on practical applications. The topics for the applications are the extensions of the theories in Part One with an emphasis placed on the hands-on experiments, systematic design and implementation approaches. The applications provided in the book are carefully chosen to reflect current advances of DSP that are of most relevance for the intended readership&quot;--</subfield><subfield code='c'>Provided by publisher.</subfield></datafield><datafield ind1=' ' ind2=' ' tag='504'><subfield code='a'>Includes bibliographical references and index.</subfield></datafield><datafield ind1=' ' ind2='4' tag='655'><subfield code='a'>Electronic books.</subfield></datafield><datafield ind1=' ' ind2='0' tag='650'><subfield code='a'>Signal processing</subfield><subfield code='x'>Digital techniques.</subfield></datafield><datafield ind1=' ' ind2='0' tag='650'><subfield code='a'>Texas Instruments TMS320 series microprocessors.</subfield></datafield><datafield ind1=' ' ind2=' ' tag='776'><subfield code='z'>1-118-41432-2</subfield></datafield><datafield ind1=' ' ind2=' ' tag='776'><subfield code='z'>1-299-80510-8</subfield></datafield><datafield ind1='1' ind2=' ' tag='700'><subfield code='a'>Lee, Bob H.</subfield></datafield><datafield ind1='1' ind2=' ' tag='700'><subfield code='a'>Tian, Wenshun.</subfield></datafield><datafield ind1=' ' ind2=' ' tag='906'><subfield code='a'>BOOK</subfield></datafield><datafield ind1=' ' ind2=' ' tag='PRT'><subfield code='a'>53422683620003811</subfield><subfield code='b'>https://sandbox01-na.alma.exlibrisgroup.com/view/uresolver/01TULI_INST/openurl?u.ignore_date_coverage=true&amp;rft.mms_id=991036746259903811</subfield><subfield code='e'>Ebook Central</subfield><subfield code='c'>Ebook Central Academic Complete</subfield><subfield code='h'>614200000000000002</subfield><subfield code='8'>53422683620003811</subfield></datafield></record>