
<record xmlns='http://www.loc.gov/MARC21/slim'><leader>07314nam a22007215i 4500</leader><controlfield tag='001'>991036799419603811</controlfield><controlfield tag='005'>20180322125108.0</controlfield><controlfield tag='006'>m     o  d |      </controlfield><controlfield tag='007'>cr nn 008mamaa</controlfield><controlfield tag='008'>101124s2010    gw |    o    |||| 0|eng d</controlfield><datafield ind1=' ' ind2=' ' tag='020'><subfield code='a'>1-280-39075-1</subfield></datafield><datafield ind1=' ' ind2=' ' tag='020'><subfield code='a'>9786613568670</subfield></datafield><datafield ind1=' ' ind2=' ' tag='020'><subfield code='a'>3-642-17641-0</subfield></datafield><datafield ind1='7' ind2=' ' tag='024'><subfield code='a'>10.1007/978-3-642-17641-8</subfield><subfield code='2'>doi</subfield></datafield><datafield ind1=' ' ind2=' ' tag='035'><subfield code='a'>(CKB)2670000000056705</subfield></datafield><datafield ind1=' ' ind2=' ' tag='035'><subfield code='a'>(SSID)ssj0000476679</subfield></datafield><datafield ind1=' ' ind2=' ' tag='035'><subfield code='a'>(PQKBManifestationID)11913372</subfield></datafield><datafield ind1=' ' ind2=' ' tag='035'><subfield code='a'>(PQKBTitleCode)TC0000476679</subfield></datafield><datafield ind1=' ' ind2=' ' tag='035'><subfield code='a'>(PQKBWorkID)10479935</subfield></datafield><datafield ind1=' ' ind2=' ' tag='035'><subfield code='a'>(PQKB)10985702</subfield></datafield><datafield ind1=' ' ind2=' ' tag='035'><subfield code='a'>(DE-He213)978-3-642-17641-8</subfield></datafield><datafield ind1=' ' ind2=' ' tag='035'><subfield code='a'>(MiAaPQ)EBC3066174</subfield></datafield><datafield ind1=' ' ind2=' ' tag='035'><subfield code='a'>(EXLCZ)992670000000056705</subfield></datafield><datafield ind1=' ' ind2=' ' tag='040'><subfield code='a'>MiAaPQ</subfield><subfield code='c'>MiAaPQ</subfield><subfield code='d'>MiAaPQ</subfield></datafield><datafield ind1=' ' ind2=' ' tag='041'><subfield code='a'>eng</subfield></datafield><datafield ind1=' ' ind2='4' tag='050'><subfield code='a'>TA1637-1638</subfield></datafield><datafield ind1=' ' ind2='4' tag='050'><subfield code='a'>TA1634</subfield></datafield><datafield ind1=' ' ind2='7' tag='072'><subfield code='a'>UYT</subfield><subfield code='2'>bicssc</subfield></datafield><datafield ind1=' ' ind2='7' tag='072'><subfield code='a'>UYQV</subfield><subfield code='2'>bicssc</subfield></datafield><datafield ind1=' ' ind2='7' tag='072'><subfield code='a'>COM012000</subfield><subfield code='2'>bisacsh</subfield></datafield><datafield ind1=' ' ind2='7' tag='072'><subfield code='a'>COM016000</subfield><subfield code='2'>bisacsh</subfield></datafield><datafield ind1='0' ind2='4' tag='082'><subfield code='a'>006.6</subfield><subfield code='2'>23</subfield></datafield><datafield ind1='0' ind2='4' tag='082'><subfield code='a'>006.37</subfield><subfield code='2'>23</subfield></datafield><datafield ind1=' ' ind2=' ' tag='100'><subfield code='a'>Pal, Sankar Kumar</subfield><subfield code='e'>Author</subfield></datafield><datafield ind1='1' ind2='0' tag='245'><subfield code='a'>Signal Processing and Multimedia</subfield><subfield code='h'>[electronic resource] :</subfield><subfield code='b'>International Conferences, SIP and MulGraB 2010, Held as Part of the Future Generation Information Technology Conference, FGIT 2010, Jeju Island, Korea, December 13-15, 2010. Proceedings /</subfield><subfield code='c'>edited by Tai-hoon Kim, Sankar K. Pal, William I. Grosky, Niki Pissinou, Timothy K. Shih, Dominik Ślęzak.</subfield></datafield><datafield ind1=' ' ind2='1' tag='264'><subfield code='a'>Berlin, Heidelberg :</subfield><subfield code='b'>Springer Berlin Heidelberg :</subfield><subfield code='b'>Imprint: Springer,</subfield><subfield code='c'>2010.</subfield></datafield><datafield ind1=' ' ind2=' ' tag='300'><subfield code='a'>1 online resource (XIV, 328 p. 169 illus.) </subfield></datafield><datafield ind1=' ' ind2=' ' tag='336'><subfield code='a'>text</subfield><subfield code='b'>txt</subfield></datafield><datafield ind1=' ' ind2=' ' tag='337'><subfield code='a'>computer</subfield><subfield code='b'>c</subfield></datafield><datafield ind1=' ' ind2=' ' tag='338'><subfield code='a'>online resource</subfield><subfield code='b'>cr</subfield></datafield><datafield ind1=' ' ind2=' ' tag='347'><subfield code='a'>text file</subfield><subfield code='b'>PDF</subfield><subfield code='2'>rda</subfield></datafield><datafield ind1='1' ind2=' ' tag='490'><subfield code='a'>Communications in Computer and Information Science,</subfield><subfield code='x'>1865-0929 ;</subfield><subfield code='v'>123</subfield></datafield><datafield ind1=' ' ind2=' ' tag='500'><subfield code='a'>Bibliographic Level Mode of Issuance: Monograph</subfield></datafield><datafield ind1=' ' ind2=' ' tag='546'><subfield code='a'>English</subfield></datafield><datafield ind1=' ' ind2=' ' tag='504'><subfield code='a'>Includes bibliographical references and index.</subfield></datafield><datafield ind1='0' ind2=' ' tag='505'><subfield code='a'>Eye Tracking Technique for Product Information Provision -- A Study on Marker Overlapping Control for M2M-Based Augmented Reality Multiple Object Loading Using Bresenham Algorithm -- Single Image Super-Resolution via Edge Reconstruction and Image Fusion -- Scanning and Measuring Device for Diagnostic of Barrel Bore -- Recognition of Hits in a Target -- Disparity Estimation Method Based on Reliability Space Using Color Edge -- Web-Based IP Reuse CAD System, Flowrian -- Medical Image Segmentation Using Modified Level-Set Model with Multi-Scale Gradient* Vector Flow -- Generalized Hypersphere d-Metric in Rough Measures and Image Analysis -- Semantic Supervised Clustering Approach to Classify Land Cover in Remotely Sensed Images -- Fuzzified Probabilistic Rough Measures in Image Segmentation -- JHUF-5 Steganalyzer: Huffman Based Steganalytic Features for Reliable Detection of YASS in JPEG Images -- Region Covariance Matrices for Object Tracking in Quasi-Monte Carlo Filter -- Target Detection Using PCA and Stochastic Features -- Cloud Image Resolution Enhancement Method Using Loss Information Estimation -- Multiple Ship Detection and Tracking Using Background Registration and Morphological Operations -- A Fast Motion Estimation Algorithm Using Unequal Search and Criterion for Video Coding -- A Survey on Automatic Speaker Recognition Systems -- FITVQSPC: Fast and Improved Transformed Vector Quantization Using Static Pattern Clustering -- New Data Hiding Scheme Using Method of Embedding Two Bits Data into Two DCT Coefficients -- Design and Implementation of a Video-Zoom Driven Digital Audio-Zoom System for Portable Digital Imaging Devices -- An Item-Based Collaborative Filtering Algorithm Utilizing the Average Rating for Items -- Validation of Classifiers for Facial Photograph Sorting Performance -- Integrated Environment for Ubiquitous Healthcare and Mobile IPv6 Networks -- Fusion Render Cloud System for 3D Contents Using a Super Computer -- On Perceptual Encryption: Variants of DCT Block Scrambling Scheme for JPEG Compressed Images -- The iPad and EFL Digital Literacy -- Dematerialization and Deformalization of the EFL/ESL Textbook - Literature Review and Relevant Issues -- Real-Time Adaptive Shot Change Detection Model -- Search for Effective Distance Learning in Developing Countries Using Multimedia Technology -- Scheduling and Planning Software for Corrugation Process -- Hierarchical Data Structures for Accessing Spatial Data -- OSI Layer Wise Security Analysis of Wireless Sensor Network -- Business Planning in the Light of Neuro-fuzzy and Predictive Forecasting -- Identification of Plant Using Leaf Image Analysis -- Using Incentives to Reduce Active Network Privacy Threats and Vulnerabilities -- Security Encryption Scheme for Communication of Web Based Control Systems.</subfield></datafield><datafield ind1=' ' ind2=' ' tag='520'><subfield code='a'>Welcome to the proceedings of the 2010 International Conferences on Signal Proce- ing, Image Processing and Pattern Recognition (SIP 2010), and Multimedia, C- puter Graphics and Broadcasting (MulGraB 2010) – two of the partnering events of the Second International Mega-Conference on Future Generation Information Te- nology (FGIT 2010). SIP and MulGraB bring together researchers from academia and industry as well as practitioners to share ideas, problems and solutions relating to the multifaceted - pects of image, signal, and multimedia processing, including their links to compu- tional sciences, mathematics and information technology. In total, 1,630 papers were submitted to FGIT 2010 from 30 countries, which - cludes 225 papers submitted to SIP/MulGraB 2010. The submitted papers went through a rigorous reviewing process: 395 of the 1,630 papers were accepted for FGIT 2010, while 53 papers were accepted for SIP/MulGraB 2010. Of the 53 papers 8 were selected for the special FGIT 2010 volume published by Springer in the LNCS series. 37 papers are published in this volume, and 8 papers were withdrawn due to technical reasons. We would like to acknowledge the great effort of the SIP/MulGraB 2010 Inter- tional Advisory Boards and members of the International Program Committees, as well as all the organizations and individuals who supported the idea of publishing this volume of proceedings, including SERSC and Springer. Also, the success of these two conferences would not have been possible without the huge support from our sponsors and the work of the Chairs and Organizing Committee.</subfield></datafield><datafield ind1=' ' ind2='0' tag='650'><subfield code='a'>Multimedia systems</subfield><subfield code='v'>Congresses.</subfield></datafield><datafield ind1=' ' ind2='0' tag='650'><subfield code='a'>Computer graphics</subfield><subfield code='v'>Congresses.</subfield></datafield><datafield ind1=' ' ind2='0' tag='650'><subfield code='a'>Signal processing</subfield><subfield code='x'>Digital techniques</subfield><subfield code='v'>Congresses.</subfield></datafield><datafield ind1=' ' ind2='0' tag='650'><subfield code='a'>Signal theory (Telecommunication)</subfield><subfield code='v'>Congresses.</subfield></datafield><datafield ind1=' ' ind2='4' tag='655'><subfield code='a'>Electronic books.</subfield></datafield><datafield ind1='0' ind2=' ' tag='760'><subfield code='t'>Communications in Computer and Information Science</subfield><subfield code='w'>(CKB)1000000000439205</subfield><subfield code='w'>(DLC)</subfield><subfield code='w'>(OCoLC)</subfield><subfield code='x'>1865-0937</subfield></datafield><datafield ind1=' ' ind2=' ' tag='776'><subfield code='z'>3-642-17640-2</subfield></datafield><datafield ind1='2' ind2=' ' tag='711'><subfield code='a'>MulGraB (Conference)</subfield><subfield code='d'>(2010 :</subfield><subfield code='c'>Cheju Island, Korea)</subfield></datafield><datafield ind1='2' ind2=' ' tag='711'><subfield code='a'>International Mega-Conference on Future Generation Information Technology</subfield><subfield code='d'>(2010 :</subfield><subfield code='c'>Cheju Island, Korea)</subfield></datafield><datafield ind1='1' ind2=' ' tag='700'><subfield code='a'>Kim, Tai-hoon.</subfield><subfield code='e'>editor.</subfield></datafield><datafield ind1='1' ind2=' ' tag='700'><subfield code='a'>Pal, Sankar K.</subfield><subfield code='e'>editor.</subfield></datafield><datafield ind1='1' ind2=' ' tag='700'><subfield code='a'>Grosky, William I.</subfield><subfield code='e'>editor.</subfield></datafield><datafield ind1='1' ind2=' ' tag='700'><subfield code='a'>Pissinou, Niki.</subfield><subfield code='e'>editor.</subfield></datafield><datafield ind1='1' ind2=' ' tag='700'><subfield code='a'>Shih, Timothy K.</subfield><subfield code='e'>editor.</subfield></datafield><datafield ind1='1' ind2=' ' tag='700'><subfield code='a'>Ślęzak, Dominik.</subfield><subfield code='e'>editor.</subfield></datafield><datafield ind1=' ' ind2='0' tag='830'><subfield code='a'>Communications in Computer and Information Science,</subfield><subfield code='x'>1865-0929 ;</subfield><subfield code='v'>123</subfield></datafield><datafield ind1=' ' ind2=' ' tag='906'><subfield code='a'>PROCEEDING</subfield></datafield><datafield ind1=' ' ind2=' ' tag='ADM'><subfield code='b'>2018-03-24 00:50:17</subfield><subfield code='e'>992670000000056705</subfield><subfield code='d'>NON_SFX</subfield><subfield code='f'>20161207133239.0</subfield><subfield code='a'>2012-02-25 22:10:52</subfield><subfield code='c'>false</subfield></datafield><datafield ind1=' ' ind2=' ' tag='PRT'><subfield code='a'>53366398090003811</subfield><subfield code='b'>https://sandbox01-na.alma.exlibrisgroup.com/view/uresolver/01TULI_INST/openurl?u.ignore_date_coverage=true&amp;rft.mms_id=991036799419603811</subfield><subfield code='e'>Springer Link</subfield><subfield code='9'>Available</subfield><subfield code='c'>SpringerLink Books Complete</subfield><subfield code='h'>611000000000001381</subfield><subfield code='8'>53366398090003811</subfield></datafield></record>