
<record xmlns='http://www.loc.gov/MARC21/slim'><leader>01774cam a22004094a 4500</leader><controlfield tag='005'>20170825232715.0</controlfield><controlfield tag='008'>060718s2006    gw a     b    001 0 eng  </controlfield><controlfield tag='001'>991023713729703811</controlfield><datafield ind1=' ' ind2=' ' tag='010'><subfield code='a'>2006931130</subfield></datafield><datafield ind1=' ' ind2=' ' tag='020'><subfield code='a'>9783540376309 (hd.bd.)</subfield></datafield><datafield ind1=' ' ind2=' ' tag='020'><subfield code='a'>3540376305 (hd.bd.)</subfield></datafield><datafield ind1=' ' ind2=' ' tag='035'><subfield code='a'>(PPT)b32572037-01tuli_inst</subfield></datafield><datafield ind1=' ' ind2=' ' tag='035'><subfield code='a'>(OCoLC)ocn491885921</subfield><subfield code='9'>ExL</subfield></datafield><datafield ind1=' ' ind2=' ' tag='035'><subfield code='a'>76910423</subfield></datafield><datafield ind1=' ' ind2=' ' tag='035'><subfield code='a'>ocm76910423</subfield></datafield><datafield ind1=' ' ind2=' ' tag='035'><subfield code='a'>(OCLC)ocm76910423</subfield></datafield><datafield ind1=' ' ind2=' ' tag='040'><subfield code='a'>DLC</subfield><subfield code='c'>DLC</subfield><subfield code='d'>YDXCP</subfield><subfield code='d'>BAKER</subfield><subfield code='d'>IXA</subfield><subfield code='d'>BTCTA</subfield></datafield><datafield ind1=' ' ind2=' ' tag='079'><subfield code='a'>ocm76910423</subfield></datafield><datafield ind1=' ' ind2=' ' tag='090'><subfield code='a'>TK5102.9</subfield><subfield code='b'>.H86 2006</subfield></datafield><datafield ind1='1' ind2=' ' tag='100'><subfield code='a'>Huang, Yiteng,</subfield><subfield code='d'>1972-</subfield></datafield><datafield ind1='1' ind2='0' tag='245'><subfield code='a'>Acoustic MIMO signal processing /</subfield><subfield code='c'>Yiteng Huang, Jacob Benesty, Jingdong Chen.</subfield></datafield><datafield ind1=' ' ind2=' ' tag='260'><subfield code='a'>Berlin ;</subfield><subfield code='a'>New York :</subfield><subfield code='b'>Springer,</subfield><subfield code='c'>2006.</subfield></datafield><datafield ind1=' ' ind2=' ' tag='300'><subfield code='a'>xiv, 378 p. :</subfield><subfield code='b'>ill. ;</subfield><subfield code='c'>24 cm.</subfield></datafield><datafield ind1='0' ind2=' ' tag='490'><subfield code='a'>Signals and communication technology.</subfield></datafield><datafield ind1=' ' ind2=' ' tag='504'><subfield code='a'>Includes bibliographical references (p. [353]-371) and index.</subfield></datafield><datafield ind1='0' ind2=' ' tag='505'><subfield code='a'>Part I, Theory: Acoustic MIMO systems -- Wiener Filter and basic adaptive algorithms -- Sparse adaptive filters -- Frequency-domain adaptive filters -- Blind identification of acoustic MIMO systems -- Separation and suppression of co-channel and temporal interference; Part II, Applications: Acoustic echo cancellation and audio bridging -- Time delay estimation and acoustic source localization -- Speech enhancement and noise reduction --Source separation and speech dereverberation.</subfield></datafield><datafield ind1=' ' ind2='0' tag='650'><subfield code='a'>Signal processing</subfield><subfield code='x'>Mathematics.</subfield></datafield><datafield ind1=' ' ind2='0' tag='650'><subfield code='a'>MIMO systems.</subfield></datafield><datafield ind1=' ' ind2='0' tag='650'><subfield code='a'>Wireless communication systems.</subfield></datafield><datafield ind1='1' ind2=' ' tag='700'><subfield code='a'>Benesty, Jacob.</subfield></datafield><datafield ind1='1' ind2=' ' tag='700'><subfield code='a'>Chen, J.</subfield><subfield code='q'>(Jingdong)</subfield></datafield><datafield ind1=' ' ind2=' ' tag='902'><subfield code='a'>150908</subfield></datafield><datafield ind1=' ' ind2=' ' tag='907'><subfield code='a'>.b32572037</subfield><subfield code='b'>p    </subfield><subfield code='c'>-</subfield></datafield><datafield ind1=' ' ind2=' ' tag='945'><subfield code='l'>pstk </subfield><subfield code='g'>1</subfield></datafield><datafield ind1=' ' ind2=' ' tag='979'><subfield code='a'>ocm76910423</subfield></datafield><datafield ind1=' ' ind2=' ' tag='998'><subfield code='b'>0</subfield><subfield code='c'>080118</subfield><subfield code='d'>m</subfield><subfield code='e'>a</subfield><subfield code='f'>-</subfield><subfield code='g'>0</subfield></datafield><datafield ind1=' ' ind2=' ' tag='998'><subfield code='a'>01/18/08</subfield><subfield code='s'>LC</subfield><subfield code='c'>AT</subfield></datafield><datafield ind1=' ' ind2=' ' tag='ADM'><subfield code='b'>2017-08-26 03:27:15</subfield><subfield code='e'>b32572037-01tuli_inst</subfield><subfield code='d'>ILS</subfield><subfield code='a'>2017-06-20 06:42:18</subfield><subfield code='c'>false</subfield></datafield><datafield ind1='0' ind2=' ' tag='HLD'><subfield code='b'>MAIN</subfield><subfield code='c'>stacks</subfield><subfield code='h'>TK5102.9</subfield><subfield code='i'>.H86 2006</subfield><subfield code='8'>22252949450003811</subfield></datafield><datafield ind1=' ' ind2=' ' tag='ITM'><subfield code='r'>22252949450003811</subfield><subfield code='b'>1</subfield><subfield code='h'>0</subfield><subfield code='g'>stacks</subfield><subfield code='t'>BOOK</subfield><subfield code='9'>39074023623549</subfield><subfield code='e'>stacks</subfield><subfield code='8'>23252949440003811</subfield><subfield code='a'>0</subfield><subfield code='q'>2017-06-20 06:42:18</subfield><subfield code='i'>TK5102.9 .H86 2006</subfield><subfield code='d'>MAIN</subfield><subfield code='f'>MAIN</subfield></datafield></record>