
<record xmlns='http://www.loc.gov/MARC21/slim'><leader>07520nam a22007335i 4500</leader><controlfield tag='001'>991036799193803811</controlfield><controlfield tag='005'>20180322123524.0</controlfield><controlfield tag='006'>m     o  d |      </controlfield><controlfield tag='007'>cr -n---------</controlfield><controlfield tag='008'>100509s2009    gw |    o    |||| 0|eng d</controlfield><datafield ind1=' ' ind2=' ' tag='010'><subfield code='z'>  2009939694</subfield></datafield><datafield ind1=' ' ind2=' ' tag='020'><subfield code='a'>1-282-82599-2</subfield></datafield><datafield ind1=' ' ind2=' ' tag='020'><subfield code='a'>9786612825996</subfield></datafield><datafield ind1=' ' ind2=' ' tag='020'><subfield code='a'>3-642-10546-7</subfield></datafield><datafield ind1='7' ind2=' ' tag='024'><subfield code='a'>10.1007/978-3-642-10546-3</subfield><subfield code='2'>doi</subfield></datafield><datafield ind1=' ' ind2=' ' tag='035'><subfield code='a'>(CKB)2670000000028837</subfield></datafield><datafield ind1=' ' ind2=' ' tag='035'><subfield code='a'>(EBL)571786</subfield></datafield><datafield ind1=' ' ind2=' ' tag='035'><subfield code='a'>(OCoLC)656393928</subfield></datafield><datafield ind1=' ' ind2=' ' tag='035'><subfield code='a'>(SSID)ssj0000428154</subfield></datafield><datafield ind1=' ' ind2=' ' tag='035'><subfield code='a'>(PQKBManifestationID)11257704</subfield></datafield><datafield ind1=' ' ind2=' ' tag='035'><subfield code='a'>(PQKBTitleCode)TC0000428154</subfield></datafield><datafield ind1=' ' ind2=' ' tag='035'><subfield code='a'>(PQKBWorkID)10413763</subfield></datafield><datafield ind1=' ' ind2=' ' tag='035'><subfield code='a'>(PQKB)10246047</subfield></datafield><datafield ind1=' ' ind2=' ' tag='035'><subfield code='a'>(DE-He213)978-3-642-10546-3</subfield></datafield><datafield ind1=' ' ind2=' ' tag='035'><subfield code='a'>(MiAaPQ)EBC571786</subfield></datafield><datafield ind1=' ' ind2=' ' tag='035'><subfield code='a'>(EXLCZ)992670000000028837</subfield></datafield><datafield ind1=' ' ind2=' ' tag='040'><subfield code='a'>MiAaPQ</subfield><subfield code='c'>MiAaPQ</subfield><subfield code='d'>MiAaPQ</subfield></datafield><datafield ind1=' ' ind2=' ' tag='041'><subfield code='a'>eng</subfield></datafield><datafield ind1=' ' ind2='4' tag='050'><subfield code='a'>Q334-342</subfield></datafield><datafield ind1=' ' ind2='4' tag='050'><subfield code='a'>TJ210.2-211.495</subfield></datafield><datafield ind1=' ' ind2='7' tag='072'><subfield code='a'>UYQ</subfield><subfield code='2'>bicssc</subfield></datafield><datafield ind1=' ' ind2='7' tag='072'><subfield code='a'>TJFM1</subfield><subfield code='2'>bicssc</subfield></datafield><datafield ind1=' ' ind2='7' tag='072'><subfield code='a'>COM004000</subfield><subfield code='2'>bisacsh</subfield></datafield><datafield ind1='0' ind2='0' tag='082'><subfield code='a'>006.33</subfield></datafield><datafield ind1='1' ind2=' ' tag='100'><subfield code='a'>Slezak, Dominik.</subfield></datafield><datafield ind1=' ' ind2=' ' tag='110'><subfield code='a'>SIP (Conference)</subfield><subfield code='e'>Corporate Author</subfield></datafield><datafield ind1='2' ind2=' ' tag='111'><subfield code='a'>Future Generation Information Technology Conference</subfield><subfield code='d'>(2009 Dec. 10-12 :</subfield><subfield code='c'>Cheju-do, Korea).</subfield><subfield code='e'>International Conference, SIP.</subfield></datafield><datafield ind1='1' ind2='0' tag='245'><subfield code='a'>Signal Processing, Image Processing and Pattern Recognition</subfield><subfield code='h'>[electronic resource] :</subfield><subfield code='b'>International Conference, SIP 2009, Held as Part of the Future Generation Information Technology Conference, FGIT 2009, Jeju Island, Korea, December 10-12, 2009. Proceedings /</subfield><subfield code='c'>edited by Dominik Ślęzak, Sankar K. Pal, Byeong-Ho Kang, Junzhong Gu, Hideo Kuroda, Tai-hoon Kim.</subfield></datafield><datafield ind1=' ' ind2=' ' tag='250'><subfield code='a'>1st ed.</subfield></datafield><datafield ind1=' ' ind2='1' tag='264'><subfield code='a'>Berlin, Heidelberg :</subfield><subfield code='b'>Springer Berlin Heidelberg,</subfield><subfield code='c'>2009.</subfield></datafield><datafield ind1=' ' ind2=' ' tag='300'><subfield code='a'>1 online resource (340 p.)</subfield></datafield><datafield ind1=' ' ind2=' ' tag='336'><subfield code='a'>text</subfield><subfield code='b'>txt</subfield></datafield><datafield ind1=' ' ind2=' ' tag='337'><subfield code='a'>computer</subfield><subfield code='b'>c</subfield></datafield><datafield ind1=' ' ind2=' ' tag='338'><subfield code='a'>online resource</subfield><subfield code='b'>cr</subfield></datafield><datafield ind1=' ' ind2=' ' tag='347'><subfield code='a'>text file</subfield><subfield code='b'>PDF</subfield><subfield code='2'>rda</subfield></datafield><datafield ind1='1' ind2=' ' tag='490'><subfield code='a'>Communications in Computer and Information Science,</subfield><subfield code='x'>1865-0929 ;</subfield><subfield code='v'>61</subfield></datafield><datafield ind1=' ' ind2=' ' tag='500'><subfield code='a'>Description based upon print version of record.</subfield></datafield><datafield ind1=' ' ind2=' ' tag='546'><subfield code='a'>English</subfield></datafield><datafield ind1=' ' ind2=' ' tag='504'><subfield code='a'>Includes bibliographical references and index.</subfield></datafield><datafield ind1='0' ind2=' ' tag='505'><subfield code='a'>A Blind Image Wavelet-Based Watermarking Using Interval Arithmetic -- Hand Gesture Spotting Based on 3D Dynamic Features Using Hidden Markov Models -- Objective Quality Evaluation of Laser Markings for Assembly Control -- An Improved Object Detection and Contour Tracking Algorithm Based on Local Curvature -- An Efficient Method for Noisy Cell Image Segmentation Using Generalized ?-Entropy -- An Algorithm for Moving Multi-target Prediction in a Celestial Background -- Automatic Control Signal Generation of a CCD Camera for Object Tracking -- An Efficient Approach for Region-Based Image Classification and Retrieval -- An Improved Design for Digital Audio Effect of Flanging -- Robust Speech Enhancement Using Two-Stage Filtered Minima Controlled Recursive Averaging -- Automatic Colon Cleansing in CTC Image Using Gradient Magnitude and Similarity Measure -- A Scale and Rotation Invariant Interest Points Detector Based on Gabor Filters -- Signature Verification Based on Handwritten Text Recognition -- Effect of Image Linearization on Normalized Compression Distance -- A Comparative Study of Blind Speech Separation Using Subspace Methods and Higher Order Statistics -- Automatic Fatigue Detection of Drivers through Yawning Analysis -- GA-SVM Based Lungs Nodule Detection and Classification -- Link Shifting Based Pyramid Segmentation for Elongated Regions -- A Robust Algorithm for Fruit-Sorting under Variable Illumination -- Selection of Accurate and Robust Classification Model for Binary Classification Problems -- Robust Edge-Enhanced Fragment Based Normalized Correlation Tracking in Cluttered and Occluded Imagery -- Robust and Imperceptible Watermarking of Video Streams for Low Power Devices -- A New Ensemble Scheme for Predicting Human Proteins Subcellular Locations -- Designing Linear Phase FIR Filters with Particle Swarm Optimization and Harmony Search -- Blind Image Steganalysis Based on Local Information and Human Visual System -- An Effective Combination of MPP Contour-Based Features for Off-Line Text-Independent Arabic Writer Identification -- Ringing Artifact Removal in Digital Restored Images Using Multi-Resolution Edge Map -- Upmixing Stereo Audio into 5.1 Channel Audio for Improving Audio Realism -- Multiway Filtering Based on Multilinear Algebra Tools -- LaMOC – A Location Aware Mobile Cooperative System -- Modelling of Camera Phone Capture Channel for JPEG Colour Barcode Images -- Semantic Network Adaptation Based on QoS Pattern Recognition for Multimedia Streams -- Active Shape Model-Based Gait Recognition Using Infrared Images -- About Classification Methods Based on Tensor Modelling for Hyperspectral Images -- Comparative Analysis of Wavelet-Based Scale-Invariant Feature Extraction Using Different Wavelet Bases -- A Novel Video Segmentation Algorithm with Shadow Cancellation and Adaptive Threshold Techniques -- Considerations of Image Compression Scheme Hiding a Part of Coded Data into Own Image Coded Data -- Binarising SIFT-Descriptors to Reduce the Curse of Dimensionality in Histogram-Based Object Recognition.</subfield></datafield><datafield ind1=' ' ind2=' ' tag='520'><subfield code='a'>As future generation information technology (FGIT) becomes specialized and fr- mented, it is easy to lose sight that many topics in FGIT have common threads and, because of this, advances in one discipline may be transmitted to others. Presentation of recent results obtained in different disciplines encourages this interchange for the advancement of FGIT as a whole. Of particular interest are hybrid solutions that c- bine ideas taken from multiple disciplines in order to achieve something more signi- cant than the sum of the individual parts. Through such hybrid philosophy, a new principle can be discovered, which has the propensity to propagate throughout mul- faceted disciplines. FGIT 2009 was the first mega-conference that attempted to follow the above idea of hybridization in FGIT in a form of multiple events related to particular disciplines of IT, conducted by separate scientific committees, but coordinated in order to expose the most important contributions. It included the following international conferences: Advanced Software Engineering and Its Applications (ASEA), Bio-Science and Bio-Technology (BSBT), Control and Automation (CA), Database Theory and Application (DTA), D- aster Recovery and Business Continuity (DRBC; published independently), Future G- eration Communication and Networking (FGCN) that was combined with Advanced Communication and Networking (ACN), Grid and Distributed Computing (GDC), M- timedia, Computer Graphics and Broadcasting (MulGraB), Security Technology (SecTech), Signal Processing, Image Processing and Pattern Recognition (SIP), and- and e-Service, Science and Technology (UNESST).</subfield></datafield><datafield ind1=' ' ind2='0' tag='650'><subfield code='a'>Image processing</subfield><subfield code='v'>Congresses.</subfield></datafield><datafield ind1=' ' ind2='0' tag='650'><subfield code='a'>Pattern recognition systems</subfield><subfield code='v'>Congresses.</subfield></datafield><datafield ind1=' ' ind2='4' tag='655'><subfield code='a'>Electronic books.</subfield></datafield><datafield ind1='0' ind2=' ' tag='760'><subfield code='t'>Communications in Computer and Information Science</subfield><subfield code='w'>(CKB)1000000000439205</subfield><subfield code='w'>(DLC)</subfield><subfield code='w'>(OCoLC)</subfield><subfield code='x'>1865-0937</subfield></datafield><datafield ind1=' ' ind2=' ' tag='711'><subfield code='a'>SIP (Conference)</subfield></datafield><datafield ind1=' ' ind2=' ' tag='776'><subfield code='z'>3-642-10545-9</subfield></datafield><datafield ind1='1' ind2=' ' tag='700'><subfield code='a'>Ślęzak, Dominik.</subfield><subfield code='e'>editor.</subfield></datafield><datafield ind1='1' ind2=' ' tag='700'><subfield code='a'>Pal, Sankar K.</subfield><subfield code='e'>editor.</subfield></datafield><datafield ind1='1' ind2=' ' tag='700'><subfield code='a'>Kang, Byeong-Ho.</subfield><subfield code='e'>editor.</subfield></datafield><datafield ind1='1' ind2=' ' tag='700'><subfield code='a'>Gu, Junzhong.</subfield><subfield code='e'>editor.</subfield></datafield><datafield ind1='1' ind2=' ' tag='700'><subfield code='a'>Kuroda, Hideo.</subfield><subfield code='e'>editor.</subfield></datafield><datafield ind1='1' ind2=' ' tag='700'><subfield code='a'>Kim, Tai-hoon.</subfield><subfield code='e'>editor.</subfield></datafield><datafield ind1=' ' ind2='0' tag='830'><subfield code='a'>Communications in Computer and Information Science,</subfield><subfield code='x'>1865-0929 ;</subfield><subfield code='v'>61</subfield></datafield><datafield ind1=' ' ind2=' ' tag='906'><subfield code='a'>BOOK</subfield></datafield><datafield ind1=' ' ind2=' ' tag='ADM'><subfield code='b'>2018-03-23 09:45:27</subfield><subfield code='e'>992670000000028837</subfield><subfield code='d'>NON_SFX</subfield><subfield code='f'>20151204164852.0</subfield><subfield code='a'>2012-02-25 22:23:22</subfield><subfield code='c'>false</subfield></datafield><datafield ind1=' ' ind2=' ' tag='PRT'><subfield code='a'>53366316150003811</subfield><subfield code='b'>https://sandbox01-na.alma.exlibrisgroup.com/view/uresolver/01TULI_INST/openurl?u.ignore_date_coverage=true&amp;rft.mms_id=991036799193803811</subfield><subfield code='e'>Springer Link</subfield><subfield code='9'>Available</subfield><subfield code='c'>SpringerLink Books Complete</subfield><subfield code='h'>611000000000001381</subfield><subfield code='8'>53366316150003811</subfield></datafield></record>