
<record xmlns='http://www.loc.gov/MARC21/slim'><leader>01505pam a22004334a 4500</leader><controlfield tag='005'>20170826032617.0</controlfield><controlfield tag='008'>071015s2007    enka     b    001 0 eng  </controlfield><controlfield tag='001'>991025920409703811</controlfield><datafield ind1=' ' ind2=' ' tag='010'><subfield code='a'>2007042793</subfield></datafield><datafield ind1=' ' ind2=' ' tag='020'><subfield code='a'>9780470033500 (cloth)</subfield></datafield><datafield ind1=' ' ind2=' ' tag='020'><subfield code='a'>0470033509 (cloth)</subfield></datafield><datafield ind1=' ' ind2=' ' tag='035'><subfield code='a'>(PPT)b33168994-01tuli_inst</subfield></datafield><datafield ind1=' ' ind2=' ' tag='035'><subfield code='a'>(OCoLC)ocn492291473</subfield><subfield code='9'>ExL</subfield></datafield><datafield ind1=' ' ind2=' ' tag='035'><subfield code='a'>(OCoLC)156824671</subfield></datafield><datafield ind1=' ' ind2=' ' tag='035'><subfield code='a'>DLCOCN156824671</subfield></datafield><datafield ind1=' ' ind2=' ' tag='035'><subfield code='a'>ocn156824671</subfield></datafield><datafield ind1=' ' ind2=' ' tag='035'><subfield code='a'>(OCLC)ocn156824671</subfield></datafield><datafield ind1=' ' ind2=' ' tag='040'><subfield code='a'>DLC</subfield><subfield code='c'>DLC</subfield><subfield code='d'>BTCTA</subfield><subfield code='d'>BAKER</subfield><subfield code='d'>YDXCP</subfield><subfield code='d'>C#P</subfield></datafield><datafield ind1=' ' ind2=' ' tag='079'><subfield code='a'>ocn156824671</subfield></datafield><datafield ind1=' ' ind2=' ' tag='090'><subfield code='a'>TK7881.4</subfield><subfield code='b'>.B74 2007</subfield></datafield><datafield ind1='1' ind2=' ' tag='100'><subfield code='a'>Breebaart, Jeroen.</subfield></datafield><datafield ind1='1' ind2='0' tag='245'><subfield code='a'>Spatial audio processing :</subfield><subfield code='b'>MPEG surround and other applications /</subfield><subfield code='c'>Jeroen Breebaart, Christof Faller.</subfield></datafield><datafield ind1=' ' ind2=' ' tag='260'><subfield code='a'>Chichester, England ;</subfield><subfield code='a'>Hoboken, NJ :</subfield><subfield code='b'>John Wiley &amp; Sons,</subfield><subfield code='c'>c2007.</subfield></datafield><datafield ind1=' ' ind2=' ' tag='300'><subfield code='a'>xiv, 209 p. :</subfield><subfield code='b'>ill. ;</subfield><subfield code='c'>25 cm.</subfield></datafield><datafield ind1=' ' ind2=' ' tag='504'><subfield code='a'>Includes bibliographical references (p. [193]-206) and index.</subfield></datafield><datafield ind1=' ' ind2='0' tag='650'><subfield code='a'>Computer sound processing.</subfield></datafield><datafield ind1=' ' ind2='0' tag='650'><subfield code='a'>Sound</subfield><subfield code='x'>Recording and reproducing</subfield><subfield code='x'>Digital techniques.</subfield></datafield><datafield ind1=' ' ind2='0' tag='650'><subfield code='a'>Multimedia systems</subfield><subfield code='x'>Programming.</subfield></datafield><datafield ind1='1' ind2=' ' tag='700'><subfield code='a'>Faller, Christof.</subfield></datafield><datafield ind1='4' ind2='2' tag='856'><subfield code='z'>Access description provided by publisher</subfield><subfield code='u'>http://www.loc.gov/catdir/enhancements/fy0801/2007042793-d.html</subfield></datafield><datafield ind1=' ' ind2=' ' tag='901'><subfield code='a'>BNA</subfield></datafield><datafield ind1=' ' ind2=' ' tag='901'><subfield code='a'>R2681533</subfield></datafield><datafield ind1=' ' ind2=' ' tag='902'><subfield code='a'>150908</subfield></datafield><datafield ind1=' ' ind2=' ' tag='902'><subfield code='a'>071226AB0701</subfield></datafield><datafield ind1=' ' ind2=' ' tag='907'><subfield code='a'>.b33168994</subfield><subfield code='b'>p    </subfield><subfield code='c'>-</subfield></datafield><datafield ind1=' ' ind2=' ' tag='945'><subfield code='l'>pstk </subfield><subfield code='g'>1</subfield></datafield><datafield ind1=' ' ind2=' ' tag='979'><subfield code='a'>ocn156824671</subfield></datafield><datafield ind1=' ' ind2=' ' tag='998'><subfield code='b'>0</subfield><subfield code='c'>080129</subfield><subfield code='d'>m</subfield><subfield code='e'>a</subfield><subfield code='f'>-</subfield><subfield code='g'>0</subfield></datafield><datafield ind1=' ' ind2=' ' tag='998'><subfield code='a'>01/29/08</subfield><subfield code='s'>LC</subfield><subfield code='c'>DG </subfield></datafield><datafield ind1=' ' ind2=' ' tag='ADM'><subfield code='b'>2017-08-26 07:26:18</subfield><subfield code='e'>b33168994-01tuli_inst</subfield><subfield code='d'>ILS</subfield><subfield code='a'>2017-06-20 07:05:06</subfield><subfield code='c'>false</subfield></datafield><datafield ind1='0' ind2=' ' tag='HLD'><subfield code='b'>MAIN</subfield><subfield code='c'>stacks</subfield><subfield code='h'>TK7881.4</subfield><subfield code='i'>.B74 2007</subfield><subfield code='8'>22260535870003811</subfield></datafield><datafield ind1=' ' ind2=' ' tag='ITM'><subfield code='r'>22260535870003811</subfield><subfield code='b'>0</subfield><subfield code='u'>TECHNICAL</subfield><subfield code='h'>0</subfield><subfield code='g'>stacks</subfield><subfield code='t'>BOOK</subfield><subfield code='9'>39074023649734</subfield><subfield code='e'>stacks</subfield><subfield code='8'>23260535860003811</subfield><subfield code='a'>0</subfield><subfield code='q'>2017-06-20 07:05:06</subfield><subfield code='i'>TK7881.4 .B74 2007</subfield><subfield code='d'>MAIN</subfield><subfield code='f'>MAIN</subfield></datafield></record>