
<record xmlns='http://www.loc.gov/MARC21/slim'><leader>03056ngm a2200565Ia 4500</leader><controlfield tag='005'>20140921151047.0</controlfield><controlfield tag='006'>m|||||o||c||||||||</controlfield><controlfield tag='007'>vz|czazuu</controlfield><controlfield tag='007'>cr|cna</controlfield><controlfield tag='008'>140921s2014||||nyu025||||||||o|||vleng|d</controlfield><controlfield tag='001'>991006896159703811</controlfield><datafield ind1='4' ind2='0' tag='028'><subfield code='a'>57812s</subfield><subfield code='b'>Films Media Group</subfield></datafield><datafield ind1='4' ind2='0' tag='028'><subfield code='a'>58169</subfield><subfield code='b'>Films Media Group</subfield></datafield><datafield ind1=' ' ind2=' ' tag='035'><subfield code='a'>(PPT)b57152056-01tuli_inst</subfield></datafield><datafield ind1=' ' ind2=' ' tag='035'><subfield code='a'>(FOD)100058169</subfield><subfield code='9'>ExL</subfield></datafield><datafield ind1=' ' ind2=' ' tag='035'><subfield code='a'>100058169</subfield></datafield><datafield ind1=' ' ind2=' ' tag='035'><subfield code='a'>(OCoLC)891103861</subfield></datafield><datafield ind1=' ' ind2=' ' tag='040'><subfield code='a'>AzPhAEM</subfield></datafield><datafield ind1='0' ind2='0' tag='245'><subfield code='a'>Audio Processing Disorder</subfield><subfield code='h'>[electronic resource (video)] /</subfield><subfield code='c'>White Fox (Firm)</subfield></datafield><datafield ind1='3' ind2=' ' tag='260'><subfield code='a'>New York, N.Y. :</subfield><subfield code='b'>Films Media Group,</subfield><subfield code='c'>[2014], c2014.</subfield></datafield><datafield ind1=' ' ind2=' ' tag='300'><subfield code='a'>1 streaming video file (25 min.) :</subfield><subfield code='b'>sd., col.</subfield></datafield><datafield ind1='1' ind2=' ' tag='490'><subfield code='a'>Disease and...Ease</subfield></datafield><datafield ind1=' ' ind2=' ' tag='500'><subfield code='a'>Encoded with permission for digital streaming by Films Media Group on July 18, 2014.</subfield></datafield><datafield ind1=' ' ind2=' ' tag='500'><subfield code='a'>Films on Demand is distributed by Films Media Group for Films for the Humanities &amp; Sciences, Cambridge Educational, Meridian Education, and Shopware.</subfield></datafield><datafield ind1='0' ind2=' ' tag='505'><subfield code='a'>Intro: Audio Processing Disorder (2:24) -- Causes of APD (2:06) -- APD Affects Language and Learning (4:02) -- Audiological Testing (2:16) -- APD Assessment and Management (3:18) -- APD Management: FM System (2:52) -- APD Management: Training Interventions (1:09) -- APD Support (3:58) -- Credits: Audio Processing Disorder (1:13)</subfield></datafield><datafield ind1='1' ind2=' ' tag='506'><subfield code='a'>Access requires authentication through Films on Demand.</subfield></datafield><datafield ind1=' ' ind2=' ' tag='520'><subfield code='a'>The Disease and... Ease team traveled to London to meet the experts on the diagnosis and treatment of Auditory Processing Disorder. APD affects both children and adults and usually manifests itself as listening or learning difficulties; the brain cannot process sounds effectively even though the individual&apos;s hearing appears to be normal. With the help of the audiologists of the National Hospital for Neurology and Neurosurgery and a group of specialists on speech, language and hearing disabilities, we learn about the challenges of diagnosis, treatment and management of this affliction.</subfield></datafield><datafield ind1='2' ind2=' ' tag='521'><subfield code='a'>9 &amp; up.</subfield></datafield><datafield ind1=' ' ind2=' ' tag='538'><subfield code='a'>Mode of access: Internet.</subfield></datafield><datafield ind1=' ' ind2=' ' tag='538'><subfield code='a'>System requirements: FOD playback platform.</subfield></datafield><datafield ind1=' ' ind2=' ' tag='588'><subfield code='a'>Title from distributor&apos;s description.</subfield></datafield><datafield ind1=' ' ind2=' ' tag='590'><subfield code='a'>Access is available to the Temple Community through use of a networked computer with a Temple IP address.</subfield></datafield><datafield ind1=' ' ind2='0' tag='650'><subfield code='a'>Auditory perception.</subfield></datafield><datafield ind1=' ' ind2='0' tag='650'><subfield code='a'>Diseases.</subfield></datafield><datafield ind1=' ' ind2='0' tag='650'><subfield code='a'>Hearing disorders.</subfield></datafield><datafield ind1=' ' ind2='0' tag='650'><subfield code='a'>Listening.</subfield></datafield><datafield ind1=' ' ind2='0' tag='655'><subfield code='a'>Educational films.</subfield></datafield><datafield ind1=' ' ind2='0' tag='655'><subfield code='a'>Internet videos.</subfield></datafield><datafield ind1=' ' ind2='0' tag='655'><subfield code='a'>Videorecording.</subfield><subfield code='2'>local</subfield></datafield><datafield ind1=' ' ind2='0' tag='655'><subfield code='a'>Streaming video.</subfield></datafield><datafield ind1='2' ind2=' ' tag='710'><subfield code='a'>Films for the Humanities &amp; Sciences (Firm)</subfield></datafield><datafield ind1='2' ind2=' ' tag='710'><subfield code='a'>Films Media Group.</subfield></datafield><datafield ind1='2' ind2=' ' tag='710'><subfield code='a'>White Fox (Firm)</subfield></datafield><datafield ind1='0' ind2='8' tag='776'><subfield code='i'>Originally produced: </subfield><subfield code='d'>White Fox (Firm), 2014.</subfield></datafield><datafield ind1=' ' ind2='0' tag='830'><subfield code='a'>Disease and...Ease.</subfield></datafield><datafield ind1='4' ind2='0' tag='856'><subfield code='z'>Access Films on Demand streaming video.</subfield><subfield code='u'>http://libproxy.temple.edu/login?url=http://digital.films.com/PortalPlaylists.aspx?aid=1627&amp;xtid=58169</subfield></datafield><datafield ind1=' ' ind2=' ' tag='907'><subfield code='a'>.b57152056</subfield><subfield code='b'>w    </subfield><subfield code='c'>-</subfield></datafield><datafield ind1=' ' ind2=' ' tag='902'><subfield code='a'>150202</subfield></datafield><datafield ind1=' ' ind2=' ' tag='998'><subfield code='b'>1</subfield><subfield code='c'>150207</subfield><subfield code='d'>m</subfield><subfield code='e'>2</subfield><subfield code='f'>-</subfield><subfield code='g'>0</subfield></datafield><datafield ind1=' ' ind2=' ' tag='902'><subfield code='a'>Films on Demand 2015-02-02</subfield></datafield><datafield ind1=' ' ind2=' ' tag='945'><subfield code='l'>w    </subfield><subfield code='g'>1</subfield></datafield><datafield ind1=' ' ind2=' ' tag='PRT'><subfield code='a'>53380661910003811</subfield><subfield code='b'>https://sandbox01-na.alma.exlibrisgroup.com/view/uresolver/01TULI_INST/openurl?u.ignore_date_coverage=true&amp;rft.mms_id=991006896159703811</subfield><subfield code='f'>Access Films on Demand streaming video.</subfield><subfield code='d'>MAIN</subfield><subfield code='c'>Films on Demand Streaming Video</subfield><subfield code='8'>53380661910003811</subfield></datafield></record>