
<record xmlns='http://www.loc.gov/MARC21/slim'><leader>01509cam a2200433Ii 4500</leader><controlfield tag='005'>20170825175633.0</controlfield><controlfield tag='008'>130523s2014    ne a     b    001 0 eng d</controlfield><controlfield tag='001'>991000880019703811</controlfield><datafield ind1=' ' ind2=' ' tag='020'><subfield code='a'>9780123965011 (hbk.)</subfield></datafield><datafield ind1=' ' ind2=' ' tag='020'><subfield code='a'>0123965012 (hbk.)</subfield></datafield><datafield ind1=' ' ind2=' ' tag='035'><subfield code='a'>(PPT)b55426220-01tuli_inst</subfield></datafield><datafield ind1=' ' ind2=' ' tag='035'><subfield code='a'>(OCoLC)ocn872572369</subfield><subfield code='9'>ExL</subfield></datafield><datafield ind1=' ' ind2=' ' tag='035'><subfield code='a'>(OCoLC)861619546</subfield></datafield><datafield ind1=' ' ind2=' ' tag='035'><subfield code='a'>ocn861619546</subfield></datafield><datafield ind1=' ' ind2=' ' tag='035'><subfield code='a'>(OCLC)ocn861619546</subfield></datafield><datafield ind1=' ' ind2=' ' tag='040'><subfield code='a'>NLE</subfield><subfield code='b'>eng</subfield><subfield code='e'>rda</subfield><subfield code='c'>NLE</subfield><subfield code='d'>OCLCO</subfield><subfield code='d'>UKMGB</subfield><subfield code='d'>PPT</subfield></datafield><datafield ind1=' ' ind2=' ' tag='079'><subfield code='a'>ocn861619546</subfield></datafield><datafield ind1=' ' ind2=' ' tag='090'><subfield code='a'>TK5102.9</subfield><subfield code='b'>.S5564 2014</subfield></datafield><datafield ind1='0' ind2='0' tag='245'><subfield code='a'>Image, video processing and analysis, hardware, audio, acoustic and speech processing /</subfield><subfield code='c'>edited by Sergios Theodoridis.</subfield></datafield><datafield ind1=' ' ind2=' ' tag='250'><subfield code='a'>First edition.</subfield></datafield><datafield ind1=' ' ind2='1' tag='264'><subfield code='a'>Amsterdam :</subfield><subfield code='b'>Academic Press,</subfield><subfield code='c'>2014.</subfield></datafield><datafield ind1=' ' ind2=' ' tag='300'><subfield code='a'>lvii, 1072 pages :</subfield><subfield code='b'>illustrations ;</subfield><subfield code='c'>24 cm.</subfield></datafield><datafield ind1=' ' ind2=' ' tag='336'><subfield code='a'>text</subfield><subfield code='2'>rdacontent</subfield></datafield><datafield ind1=' ' ind2=' ' tag='337'><subfield code='a'>unmediated</subfield><subfield code='2'>rdamedia</subfield></datafield><datafield ind1=' ' ind2=' ' tag='338'><subfield code='a'>volume</subfield><subfield code='2'>rdacarrier</subfield></datafield><datafield ind1='1' ind2=' ' tag='490'><subfield code='a'>Academic Press library in signal processing ;</subfield><subfield code='v'>v. 4</subfield></datafield><datafield ind1=' ' ind2=' ' tag='504'><subfield code='a'>Includes bibliographical references and index.</subfield></datafield><datafield ind1=' ' ind2='0' tag='650'><subfield code='a'>Signal processing.</subfield></datafield><datafield ind1=' ' ind2='0' tag='650'><subfield code='a'>Image processing.</subfield></datafield><datafield ind1=' ' ind2='0' tag='650'><subfield code='a'>Biomedical engineering.</subfield></datafield><datafield ind1='1' ind2=' ' tag='700'><subfield code='a'>Trussell, H. J.</subfield><subfield code='q'>(H. Joel)</subfield></datafield><datafield ind1='1' ind2=' ' tag='700'><subfield code='a'>Theodoridis, Sergios,</subfield><subfield code='d'>1951-</subfield><subfield code='e'>editor of compilation.</subfield></datafield><datafield ind1=' ' ind2='0' tag='830'><subfield code='a'>Academic Press library in signal processing ;</subfield><subfield code='v'>volume 4.</subfield></datafield><datafield ind1=' ' ind2=' ' tag='902'><subfield code='a'>150908</subfield></datafield><datafield ind1=' ' ind2=' ' tag='907'><subfield code='a'>.b55426220</subfield><subfield code='b'>p    </subfield><subfield code='c'>-</subfield></datafield><datafield ind1=' ' ind2=' ' tag='945'><subfield code='l'>pstk </subfield><subfield code='g'>1</subfield></datafield><datafield ind1=' ' ind2=' ' tag='979'><subfield code='a'>ocn861619546</subfield></datafield><datafield ind1=' ' ind2=' ' tag='998'><subfield code='b'>1</subfield><subfield code='c'>140224</subfield><subfield code='d'>m</subfield><subfield code='e'>a</subfield><subfield code='f'>-</subfield><subfield code='g'>0</subfield></datafield><datafield ind1=' ' ind2=' ' tag='998'><subfield code='a'>02/24/14</subfield><subfield code='s'>CIP</subfield><subfield code='c'>cep </subfield></datafield><datafield ind1=' ' ind2=' ' tag='ADM'><subfield code='b'>2017-08-25 21:56:33</subfield><subfield code='e'>b55426220-01tuli_inst</subfield><subfield code='d'>ILS</subfield><subfield code='a'>2017-06-20 06:37:01</subfield><subfield code='c'>false</subfield></datafield><datafield ind1='0' ind2=' ' tag='HLD'><subfield code='b'>MAIN</subfield><subfield code='c'>stacks</subfield><subfield code='h'>TK5102.9</subfield><subfield code='i'>.S5564 2014</subfield><subfield code='8'>22251197070003811</subfield></datafield><datafield ind1=' ' ind2=' ' tag='ITM'><subfield code='r'>22251197070003811</subfield><subfield code='b'>1</subfield><subfield code='h'>0</subfield><subfield code='g'>stacks</subfield><subfield code='t'>BOOK</subfield><subfield code='9'>39074028606002</subfield><subfield code='e'>stacks</subfield><subfield code='8'>23251197050003811</subfield><subfield code='a'>0</subfield><subfield code='q'>2017-06-20 06:37:01</subfield><subfield code='i'>TK5102.9 .S5564 2014</subfield><subfield code='d'>MAIN</subfield><subfield code='f'>MAIN</subfield></datafield></record>