
<record xmlns='http://www.loc.gov/MARC21/slim'><leader>00976nam  2200277Ia 4500</leader><controlfield tag='001'>991036857401803811</controlfield><controlfield tag='005'>20170815154426.0</controlfield><controlfield tag='006'>m     o  d |      </controlfield><controlfield tag='007'>cr -n---------</controlfield><controlfield tag='008'>120222s2012    ne a    o     001 0 eng d</controlfield><datafield ind1=' ' ind2=' ' tag='010'><subfield code='z'>  2012006059</subfield></datafield><datafield ind1=' ' ind2=' ' tag='020'><subfield code='a'>1-136-12614-7</subfield></datafield><datafield ind1=' ' ind2=' ' tag='020'><subfield code='a'>1-280-58125-5</subfield></datafield><datafield ind1=' ' ind2=' ' tag='020'><subfield code='a'>9786613611031</subfield></datafield><datafield ind1=' ' ind2=' ' tag='020'><subfield code='a'>0-240-82103-3</subfield></datafield><datafield ind1=' ' ind2=' ' tag='035'><subfield code='a'>(CKB)2670000000172225</subfield></datafield><datafield ind1=' ' ind2=' ' tag='035'><subfield code='a'>(EBL)892234</subfield></datafield><datafield ind1=' ' ind2=' ' tag='035'><subfield code='a'>(OCoLC)793082213</subfield></datafield><datafield ind1=' ' ind2=' ' tag='035'><subfield code='a'>(SSID)ssj0000629797</subfield></datafield><datafield ind1=' ' ind2=' ' tag='035'><subfield code='a'>(PQKBManifestationID)11451456</subfield></datafield><datafield ind1=' ' ind2=' ' tag='035'><subfield code='a'>(PQKBTitleCode)TC0000629797</subfield></datafield><datafield ind1=' ' ind2=' ' tag='035'><subfield code='a'>(PQKBWorkID)10742253</subfield></datafield><datafield ind1=' ' ind2=' ' tag='035'><subfield code='a'>(PQKB)11711605</subfield></datafield><datafield ind1=' ' ind2=' ' tag='035'><subfield code='a'>(MiAaPQ)EBC892234</subfield></datafield><datafield ind1=' ' ind2=' ' tag='035'><subfield code='a'>(EXLCZ)992670000000172225</subfield></datafield><datafield ind1=' ' ind2=' ' tag='040'><subfield code='a'>MiAaPQ</subfield><subfield code='c'>MiAaPQ</subfield><subfield code='d'>MiAaPQ</subfield></datafield><datafield ind1=' ' ind2=' ' tag='041'><subfield code='a'>eng</subfield></datafield><datafield ind1=' ' ind2='4' tag='050'><subfield code='a'>TK7881.4</subfield><subfield code='b'>.W56 2012</subfield></datafield><datafield ind1='0' ind2='0' tag='082'><subfield code='a'>621.389/3</subfield><subfield code='a'>621.3893</subfield><subfield code='a'>781.49</subfield></datafield><datafield ind1='1' ind2=' ' tag='100'><subfield code='a'>Winer, Ethan.</subfield></datafield><datafield ind1='1' ind2='4' tag='245'><subfield code='a'>The audio expert</subfield><subfield code='h'>[electronic resource] :</subfield><subfield code='b'>everything you need to know about audio /</subfield><subfield code='c'>Ethan Winer.</subfield></datafield><datafield ind1=' ' ind2=' ' tag='260'><subfield code='a'>Amsterdam ;</subfield><subfield code='a'>Boston :</subfield><subfield code='b'>Elsevier/Focal Press,</subfield><subfield code='c'>c2012.</subfield></datafield><datafield ind1=' ' ind2=' ' tag='300'><subfield code='a'>1 online resource (672 p.)</subfield></datafield><datafield ind1=' ' ind2=' ' tag='336'><subfield code='a'>text</subfield><subfield code='b'>txt</subfield></datafield><datafield ind1=' ' ind2=' ' tag='337'><subfield code='a'>computer</subfield><subfield code='b'>c</subfield></datafield><datafield ind1=' ' ind2=' ' tag='338'><subfield code='a'>online resource</subfield><subfield code='b'>cr</subfield></datafield><datafield ind1=' ' ind2=' ' tag='500'><subfield code='a'>Description based upon print version of record.</subfield></datafield><datafield ind1='0' ind2=' ' tag='505'><subfield code='a'>Cover; Title Page; Copyright Page; Table of Contents; Acknowledgments; About the Author; Introduction; Bonus Web Content; Part 1 Audio Defined; Chapter 1: Audio Basics; Volume and Decibels; Standard Signal Levels; Signal Levels and Metering; Calculating Decibels; Frequencies; Graphing Audio; Standard Octave and Third-Octave Bands; Filters; Phase Shift and Time Delay; Comb Filtering; Fourier and the Fast Fourier Transform; Sine Waves, Square Waves, and Pink Noise-Oh My!; Resonance; Audio Terminology; The Null Test; Summary; Chapter 2: Audio Fidelity, Measurements, and Myths</subfield></datafield><datafield ind1='8' ind2=' ' tag='505'><subfield code='a'>High Fidelity DefinedThe Four Parameters; Lies, Damn Lies, and Audio Gear Specs; Test Equipment; Audio Transparency; Common Audio Myths; The Stacking Myth; Myth-Information; The Big Picture; Summary; Chapter 3: Hearing, Perception, and Artifact Audibility; Fletcher-Munson and the Masking Effect; Distortion and Noise; Jitter; Audibility Testing; Dither and Truncation Distortion; Hearing Below the Noise Floor; Frequency Response Changes; Ultrasonics; Ringing; Aliasing; Phase Shift; Absolute Polarity; Ears Are Not Linear!; Blind Testing; Psychoacoustic Effects</subfield></datafield><datafield ind1='8' ind2=' ' tag='505'><subfield code='a'>Placebo Effect and Expectation BiasWhen Subjectivists Are (Almost) Correct; Summary; Chapter 4: Gozintas and Gozoutas; Audio Signals; Audio Wiring; Audio Connectors; Patch Panels; Impedance; Summary; Part 2 Analog and Digital Recording,Processing, and Methods; Chapter 5: Mixers, Buses, Routing, and Summing; Solo, Mute, and Channel Routing; Buses and Routing; Console Automation; Other Console Features; Digital Audio Workstation Software and Mixing; The Pan Law; Connecting a Digital Audio Workstation to a Mixer; Inputs and Outputs; Setting Record Levels; Monitoring with Effects</subfield></datafield><datafield ind1='8' ind2=' ' tag='505'><subfield code='a'>The Windows MixerRelated Digital Audio Workstation Advice; 5.1 Surround Sound Basics; Summing; Gain Staging; Microphone Preamplifiers; Preamp Input Impedance; Preamp Noise; Clean and Flat Is Where It&apos;s At; Summary; Chapter 6: Recording Devices and Methods; Recording Hardware; Analog Tape Recording; Tape Bias; Tape Pre-Emphasis and De-Emphasis; Sel-Sync; Tape Noise Reduction; Tape Pre-Distortion; The Failings of Analog Tape; Digital Recording; In the Box Versus Out of the Box; Record Levels; Recording Methods; Specific Advice on Digital Audio Workstations; Copy Protection</subfield></datafield><datafield ind1='8' ind2=' ' tag='505'><subfield code='a'>Microphone Types and MethodsMicing Techniques; The 3-to-1 Rule; Microphone Placement; DI = Direct Injection; Additional Recording Considerations; Advanced Recording Techniques; Vari-Speed; Summary; Chapter 7: Mixing Devices and Methods; Volume Automation; Editing; Basic Music Mixing Strategies; Be Organized; Monitor Volume; Reference Mixes; Panning; Getting the Bass Right; Avoid Too Much Reverb; Verify Your Mixes; Thin Your Tracks; Distance and Depth; Bus versus Insert; Pre and Post, Mute and Solo; Room Tone; Perception Is Fleeting; Be Creative!; In the Box Versus Out of the Box-Yes, Again</subfield></datafield><datafield ind1='8' ind2=' ' tag='505'><subfield code='a'>Using Digital Audio Workstation Software</subfield></datafield><datafield ind1=' ' ind2=' ' tag='520'><subfield code='a'>The Audio Expert is a comprehensive reference that covers all aspects of audio, with many practical, as well as theoretical, explanations. Providing in-depth descriptions of how audio really works, using common sense plain-English explanations and mechanical analogies with minimal math, the book is written for people who want to understand audio at the deepest, most technical level, without needing an engineering degree. It&apos;s presented in an easy-to-read, conversational tone, and includes more than 400 figures and photos augmenting the text.The Audio Expert takes th</subfield></datafield><datafield ind1=' ' ind2=' ' tag='546'><subfield code='a'>English</subfield></datafield><datafield ind1=' ' ind2='0' tag='650'><subfield code='a'>Music</subfield><subfield code='x'>Acoustics and physics.</subfield></datafield><datafield ind1=' ' ind2='0' tag='650'><subfield code='a'>Sound</subfield><subfield code='x'>Recording and reproducing.</subfield></datafield><datafield ind1=' ' ind2='4' tag='655'><subfield code='a'>Electronic books.</subfield></datafield><datafield ind1=' ' ind2=' ' tag='776'><subfield code='z'>1-138-40665-1</subfield></datafield><datafield ind1=' ' ind2=' ' tag='776'><subfield code='z'>0-240-82100-9</subfield></datafield><datafield ind1=' ' ind2=' ' tag='906'><subfield code='a'>BOOK</subfield></datafield><datafield ind1=' ' ind2=' ' tag='ADM'><subfield code='b'>2018-01-01 07:37:25</subfield><subfield code='e'>2670000000172225</subfield><subfield code='d'>EBC</subfield><subfield code='a'>2012-05-06 07:18:00</subfield><subfield code='c'>false</subfield></datafield><datafield ind1=' ' ind2=' ' tag='PRT'><subfield code='a'>53406787100003811</subfield><subfield code='b'>https://sandbox01-na.alma.exlibrisgroup.com/view/uresolver/01TULI_INST/openurl?u.ignore_date_coverage=true&amp;rft.mms_id=991036857401803811</subfield><subfield code='e'>ProQuest</subfield><subfield code='9'>Available</subfield><subfield code='c'>ProQuest Safari Tech Books Online Current File</subfield><subfield code='h'>611000000000002577</subfield><subfield code='8'>53406787100003811</subfield></datafield></record>