
<record xmlns='http://www.loc.gov/MARC21/slim'><leader>02008cam a2200409 a 4500</leader><controlfield tag='005'>20170825172440.0</controlfield><controlfield tag='008'>120409s2012    njua     b    001 0 eng  </controlfield><controlfield tag='001'>991032816269703811</controlfield><datafield ind1=' ' ind2=' ' tag='010'><subfield code='a'>2012008107</subfield></datafield><datafield ind1=' ' ind2=' ' tag='020'><subfield code='a'>9781118266823 (hardback)</subfield></datafield><datafield ind1=' ' ind2=' ' tag='020'><subfield code='a'>111826682X (hardback)</subfield></datafield><datafield ind1=' ' ind2=' ' tag='035'><subfield code='a'>(PPT)b53899982-01tuli_inst</subfield></datafield><datafield ind1=' ' ind2=' ' tag='035'><subfield code='a'>(OCoLC)ocn837514405</subfield><subfield code='9'>ExL</subfield></datafield><datafield ind1=' ' ind2=' ' tag='035'><subfield code='a'>(OCoLC)785390164</subfield><subfield code='z'>(OCoLC)811250277</subfield></datafield><datafield ind1=' ' ind2=' ' tag='035'><subfield code='a'>ocn785390164</subfield></datafield><datafield ind1=' ' ind2=' ' tag='035'><subfield code='a'>(OCLC)ocn785390164</subfield></datafield><datafield ind1=' ' ind2=' ' tag='040'><subfield code='a'>DLC</subfield><subfield code='b'>eng</subfield><subfield code='c'>DLC</subfield><subfield code='d'>YDX</subfield><subfield code='d'>YDXCP</subfield><subfield code='d'>OCLCO</subfield><subfield code='d'>BWX</subfield><subfield code='d'>IG#</subfield><subfield code='d'>CDX</subfield></datafield><datafield ind1=' ' ind2=' ' tag='042'><subfield code='a'>pcc</subfield></datafield><datafield ind1=' ' ind2=' ' tag='049'><subfield code='a'>IG$A</subfield></datafield><datafield ind1=' ' ind2=' ' tag='079'><subfield code='a'>ocn785390164</subfield></datafield><datafield ind1=' ' ind2=' ' tag='090'><subfield code='a'>TK7881.4</subfield><subfield code='b'>.L485 2012</subfield></datafield><datafield ind1='1' ind2=' ' tag='100'><subfield code='a'>Lerch, Alexander.</subfield></datafield><datafield ind1='1' ind2='0' tag='245'><subfield code='a'>Audio content analysis :</subfield><subfield code='b'>an introduction /</subfield><subfield code='c'>Alexander Lerch.</subfield></datafield><datafield ind1=' ' ind2=' ' tag='260'><subfield code='a'>Hoboken, N.J. :</subfield><subfield code='b'>Wiley,</subfield><subfield code='c'>c2012.</subfield></datafield><datafield ind1=' ' ind2=' ' tag='300'><subfield code='a'>xxii, 248 p. :</subfield><subfield code='b'>ill. ;</subfield><subfield code='c'>26 cm.</subfield></datafield><datafield ind1=' ' ind2=' ' tag='504'><subfield code='a'>Includes bibliographical references (p. 207-242) and index.</subfield></datafield><datafield ind1=' ' ind2=' ' tag='520'><subfield code='a'>&quot;With the proliferation of digital audio distribution over digital media, audio content analysis is fast becoming a requirement for designers of intelligent signal-adaptive audio processing systems. Written by a well-known expert in the field, this book provides quick access to different analysis algorithms and allows comparison between different approaches to the same task, making it useful for newcomers to audio signal processing and industry experts alike. A review of relevant fundamentals in audio signal processing, psychoacoustics, and music theory, as well as downloadable MATLAB files are also included&quot;--</subfield><subfield code='c'>Provided by publisher.</subfield></datafield><datafield ind1=' ' ind2='0' tag='650'><subfield code='a'>Computer sound processing.</subfield></datafield><datafield ind1=' ' ind2='0' tag='650'><subfield code='a'>Computational auditory scene analysis.</subfield></datafield><datafield ind1=' ' ind2='0' tag='650'><subfield code='a'>Content analysis (Communication)</subfield><subfield code='x'>Data processing.</subfield></datafield><datafield ind1='4' ind2='2' tag='856'><subfield code='3'>Cover image</subfield><subfield code='u'>http://catalogimages.wiley.com/images/db/jimages/9781118266823.jpg</subfield></datafield><datafield ind1=' ' ind2=' ' tag='902'><subfield code='a'>150923</subfield></datafield><datafield ind1=' ' ind2=' ' tag='907'><subfield code='a'>.b53899982</subfield><subfield code='b'>p    </subfield><subfield code='c'>-</subfield></datafield><datafield ind1=' ' ind2=' ' tag='945'><subfield code='l'>pstk </subfield><subfield code='g'>1</subfield></datafield><datafield ind1=' ' ind2=' ' tag='979'><subfield code='a'>ocn785390164</subfield></datafield><datafield ind1=' ' ind2=' ' tag='998'><subfield code='b'>1</subfield><subfield code='c'>130327</subfield><subfield code='d'>m</subfield><subfield code='e'>a</subfield><subfield code='f'>-</subfield><subfield code='g'>0</subfield></datafield><datafield ind1=' ' ind2=' ' tag='998'><subfield code='b'>1</subfield><subfield code='c'>130327</subfield><subfield code='d'>m</subfield><subfield code='e'>a</subfield><subfield code='f'>-</subfield><subfield code='g'>0</subfield></datafield><datafield ind1=' ' ind2=' ' tag='ADM'><subfield code='b'>2017-08-25 21:24:40</subfield><subfield code='e'>b53899982-01tuli_inst</subfield><subfield code='d'>ILS</subfield><subfield code='a'>2017-06-20 11:23:40</subfield><subfield code='c'>false</subfield></datafield><datafield ind1='0' ind2=' ' tag='HLD'><subfield code='b'>MAIN</subfield><subfield code='c'>stacks</subfield><subfield code='h'>TK7881.4</subfield><subfield code='i'>.L485 2012</subfield><subfield code='8'>22311078490003811</subfield></datafield><datafield ind1=' ' ind2=' ' tag='ITM'><subfield code='r'>22311078490003811</subfield><subfield code='b'>1</subfield><subfield code='h'>0</subfield><subfield code='g'>stacks</subfield><subfield code='t'>BOOK</subfield><subfield code='9'>39074026077990</subfield><subfield code='e'>stacks</subfield><subfield code='8'>23311078480003811</subfield><subfield code='a'>0</subfield><subfield code='q'>2017-06-20 11:23:40</subfield><subfield code='i'>TK7881.4 .L485 2012</subfield><subfield code='d'>MAIN</subfield><subfield code='f'>MAIN</subfield></datafield></record>