
<record xmlns='http://www.loc.gov/MARC21/slim'><leader>01706nam  2200301 a 4500</leader><controlfield tag='001'>991036796396603811</controlfield><controlfield tag='005'>20170815154348.0</controlfield><controlfield tag='006'>m     o  d |      </controlfield><controlfield tag='007'>cr -n---------</controlfield><controlfield tag='008'>111103s2012    maua    obf   001 0 eng d</controlfield><datafield ind1=' ' ind2=' ' tag='010'><subfield code='z'>  2011041974</subfield></datafield><datafield ind1=' ' ind2=' ' tag='020'><subfield code='a'>1-138-40646-5</subfield></datafield><datafield ind1=' ' ind2=' ' tag='020'><subfield code='a'>1-283-34815-2</subfield></datafield><datafield ind1=' ' ind2=' ' tag='020'><subfield code='a'>9786613348159</subfield></datafield><datafield ind1=' ' ind2=' ' tag='020'><subfield code='a'>0-240-81916-0</subfield></datafield><datafield ind1=' ' ind2=' ' tag='035'><subfield code='a'>(CKB)2670000000130485</subfield></datafield><datafield ind1=' ' ind2=' ' tag='035'><subfield code='a'>(EBL)822119</subfield></datafield><datafield ind1=' ' ind2=' ' tag='035'><subfield code='a'>(OCoLC)768732255</subfield></datafield><datafield ind1=' ' ind2=' ' tag='035'><subfield code='a'>(SSID)ssj0000550677</subfield></datafield><datafield ind1=' ' ind2=' ' tag='035'><subfield code='a'>(PQKBManifestationID)11408564</subfield></datafield><datafield ind1=' ' ind2=' ' tag='035'><subfield code='a'>(PQKBTitleCode)TC0000550677</subfield></datafield><datafield ind1=' ' ind2=' ' tag='035'><subfield code='a'>(PQKBWorkID)10509053</subfield></datafield><datafield ind1=' ' ind2=' ' tag='035'><subfield code='a'>(PQKB)10289368</subfield></datafield><datafield ind1=' ' ind2=' ' tag='035'><subfield code='a'>(MiAaPQ)EBC822119</subfield></datafield><datafield ind1=' ' ind2=' ' tag='035'><subfield code='a'>(EXLCZ)992670000000130485</subfield></datafield><datafield ind1=' ' ind2=' ' tag='040'><subfield code='a'>MiAaPQ</subfield><subfield code='c'>MiAaPQ</subfield><subfield code='d'>MiAaPQ</subfield></datafield><datafield ind1=' ' ind2=' ' tag='041'><subfield code='a'>eng</subfield></datafield><datafield ind1=' ' ind2='4' tag='050'><subfield code='a'>TK7881.4</subfield><subfield code='b'>.D596 2012</subfield></datafield><datafield ind1='0' ind2='0' tag='082'><subfield code='a'>621.3893</subfield></datafield><datafield ind1='1' ind2=' ' tag='100'><subfield code='a'>Dittmar, Tim.</subfield></datafield><datafield ind1='1' ind2='0' tag='245'><subfield code='a'>Audio engineering 101</subfield><subfield code='h'>[electronic resource] :</subfield><subfield code='b'>a beginner&apos;s guide to music production /</subfield><subfield code='c'>Tim Dittmar.</subfield></datafield><datafield ind1=' ' ind2=' ' tag='246'><subfield code='a'>Audio Engineering 101 : A Beginner&apos;s Guide to Music Production</subfield></datafield><datafield ind1=' ' ind2=' ' tag='260'><subfield code='a'>Waltham, Mass. :</subfield><subfield code='b'>Focal Press,</subfield><subfield code='c'>2012.</subfield></datafield><datafield ind1=' ' ind2=' ' tag='300'><subfield code='a'>1 online resource (257 p.)</subfield></datafield><datafield ind1=' ' ind2=' ' tag='336'><subfield code='a'>text</subfield><subfield code='b'>txt</subfield></datafield><datafield ind1=' ' ind2=' ' tag='337'><subfield code='a'>computer</subfield><subfield code='b'>c</subfield></datafield><datafield ind1=' ' ind2=' ' tag='338'><subfield code='a'>online resource</subfield><subfield code='b'>cr</subfield></datafield><datafield ind1=' ' ind2=' ' tag='500'><subfield code='a'>Description based upon print version of record.</subfield></datafield><datafield ind1=' ' ind2=' ' tag='520'><subfield code='a'>Audio Engineering 101 is a real world guide for starting out in the recording industry. If you have the dream, the ideas, the music and the creativity but don&apos;t know where to start, then this book is for you!Filled with practical advice on how to navigate the recording world, from an author with first-hand, real-life experience, Audio Engineering 101 will help you succeed in the exciting, but tough and confusing, music industry. Covering all you need to know about the recording process, from the characteristics of sound to a guide to microphones to analog versus digital</subfield></datafield><datafield ind1=' ' ind2=' ' tag='546'><subfield code='a'>English</subfield></datafield><datafield ind1='8' ind2=' ' tag='505'><subfield code='a'>Machine generated contents note: Introduction Chapter 1 What is sound? Chapter 2 How we hear, how to listen, how to describe sound. Chapter 3 Great tips on EQing Chapter 4 People skills Chapter 5 Microphones and where should I place them? Chapter 6 Signal flow Chapter 7 Signal processors Chapter 8 Mixing consoles Chapter 9 Recording Session Procedures Chapter 10 Basic acoustics Chapter 11 Analogue and Digital Audio Chapter 12 Should I get an internship? Chapter13 The business side Chapter 14 FAQs Chapter 15 Glossary and additional resources.</subfield></datafield><datafield ind1=' ' ind2=' ' tag='504'><subfield code='a'>Includes bibliographical references and index.</subfield></datafield><datafield ind1=' ' ind2='0' tag='650'><subfield code='a'>Sound</subfield><subfield code='x'>Recording and reproducing</subfield><subfield code='v'>Handbooks, manuals, etc.</subfield></datafield><datafield ind1=' ' ind2='0' tag='650'><subfield code='a'>Sound</subfield><subfield code='x'>Recording and reproducing</subfield><subfield code='x'>Digital techniques</subfield><subfield code='v'>Handbooks, manuals, etc.</subfield></datafield><datafield ind1=' ' ind2='4' tag='655'><subfield code='a'>Electronic books.</subfield></datafield><datafield ind1=' ' ind2=' ' tag='776'><subfield code='z'>1-136-11173-5</subfield></datafield><datafield ind1=' ' ind2=' ' tag='776'><subfield code='z'>0-240-81915-2</subfield></datafield><datafield ind1=' ' ind2=' ' tag='906'><subfield code='a'>BOOK</subfield></datafield><datafield ind1=' ' ind2=' ' tag='PRT'><subfield code='a'>53404370620003811</subfield><subfield code='b'>https://sandbox01-na.alma.exlibrisgroup.com/view/uresolver/01TULI_INST/openurl?u.ignore_date_coverage=true&amp;rft.mms_id=991036796396603811</subfield><subfield code='e'>ProQuest</subfield><subfield code='c'>ProQuest Safari Tech Books Online Current File</subfield><subfield code='h'>611000000000002577</subfield><subfield code='8'>53404370620003811</subfield></datafield><datafield ind1=' ' ind2=' ' tag='PRT'><subfield code='a'>53364503710003811</subfield><subfield code='b'>https://sandbox01-na.alma.exlibrisgroup.com/view/uresolver/01TULI_INST/openurl?u.ignore_date_coverage=true&amp;rft.mms_id=991036796396603811</subfield><subfield code='e'>Elsevier ScienceDirect AutoLoad</subfield><subfield code='c'>Elsevier ScienceDirect Books Complete</subfield><subfield code='h'>613840000000000009</subfield><subfield code='8'>53364503710003811</subfield></datafield></record>