
<record xmlns='http://www.loc.gov/MARC21/slim'><leader>05615nam  2200529 i 4500</leader><controlfield tag='001'>991036792447003811</controlfield><controlfield tag='005'>20170814175133.0</controlfield><controlfield tag='006'>m     o  d        </controlfield><controlfield tag='007'>cr -n---------</controlfield><controlfield tag='008'>171024s2008    mauab   ob    001   eng d</controlfield><datafield ind1=' ' ind2=' ' tag='010'><subfield code='z'>  2009001879</subfield></datafield><datafield ind1=' ' ind2=' ' tag='015'><subfield code='z'>GBA930247 (print)</subfield></datafield><datafield ind1=' ' ind2=' ' tag='016'><subfield code='z'>014937278 (print)</subfield></datafield><datafield ind1=' ' ind2=' ' tag='020'><subfield code='a'>1-282-18888-7</subfield></datafield><datafield ind1=' ' ind2=' ' tag='020'><subfield code='a'>9786612188886</subfield></datafield><datafield ind1=' ' ind2=' ' tag='020'><subfield code='a'>0-470-74620-3</subfield></datafield><datafield ind1=' ' ind2=' ' tag='020'><subfield code='a'>0-470-74619-X</subfield></datafield><datafield ind1='7' ind2=' ' tag='024'><subfield code='a'>10.1002/9780470746202</subfield><subfield code='2'>doi</subfield></datafield><datafield ind1=' ' ind2=' ' tag='035'><subfield code='a'>(CKB)1000000000794242</subfield></datafield><datafield ind1=' ' ind2=' ' tag='035'><subfield code='a'>(EBL)454352</subfield></datafield><datafield ind1=' ' ind2=' ' tag='035'><subfield code='a'>(OCoLC)609843842</subfield></datafield><datafield ind1=' ' ind2=' ' tag='035'><subfield code='a'>(SSID)ssj0000354109</subfield></datafield><datafield ind1=' ' ind2=' ' tag='035'><subfield code='a'>(PQKBManifestationID)11281494</subfield></datafield><datafield ind1=' ' ind2=' ' tag='035'><subfield code='a'>(PQKBTitleCode)TC0000354109</subfield></datafield><datafield ind1=' ' ind2=' ' tag='035'><subfield code='a'>(PQKBWorkID)10302753</subfield></datafield><datafield ind1=' ' ind2=' ' tag='035'><subfield code='a'>(PQKB)10042294</subfield></datafield><datafield ind1=' ' ind2=' ' tag='035'><subfield code='a'>(MiAaPQ)EBC454352</subfield></datafield><datafield ind1=' ' ind2=' ' tag='035'><subfield code='a'>(CaBNVSL)mat08039864</subfield></datafield><datafield ind1=' ' ind2=' ' tag='035'><subfield code='a'>(IDAMS)0b00006485f0dd66</subfield></datafield><datafield ind1=' ' ind2=' ' tag='035'><subfield code='a'>(IEEE)8039864</subfield></datafield><datafield ind1=' ' ind2=' ' tag='035'><subfield code='a'>(EXLCZ)991000000000794242</subfield></datafield><datafield ind1=' ' ind2=' ' tag='040'><subfield code='a'>CaBNVSL</subfield><subfield code='b'>eng</subfield><subfield code='e'>rda</subfield><subfield code='c'>CaBNVSL</subfield><subfield code='d'>CaBNVSL</subfield></datafield><datafield ind1=' ' ind2=' ' tag='041'><subfield code='a'>eng</subfield></datafield><datafield ind1=' ' ind2='4' tag='050'><subfield code='a'>TK6562.D54</subfield><subfield code='b'>D54 2009eb</subfield></datafield><datafield ind1='0' ind2='0' tag='082'><subfield code='a'>621.384</subfield></datafield><datafield ind1='1' ind2=' ' tag='100'><subfield code='a'>Hoeg, Wolfgang.</subfield></datafield><datafield ind1='0' ind2='0' tag='245'><subfield code='a'>Digital audio broadcasting :</subfield><subfield code='b'>principles and applications of DAB, DAB+ and DMB /</subfield><subfield code='c'>editors, Wolfgang Hoeg and Thomas Lauterbach.</subfield></datafield><datafield ind1=' ' ind2=' ' tag='250'><subfield code='a'>3rd ed.</subfield></datafield><datafield ind1=' ' ind2='1' tag='264'><subfield code='a'>Chichester, U.K. :</subfield><subfield code='b'>Wiley,</subfield><subfield code='c'>2009.</subfield></datafield><datafield ind1=' ' ind2='2' tag='264'><subfield code='a'>[Piscataqay, New Jersey] :</subfield><subfield code='b'>IEEE Xplore,</subfield><subfield code='c'>[2009]</subfield></datafield><datafield ind1=' ' ind2=' ' tag='300'><subfield code='a'>1 online resource (454 p.)</subfield></datafield><datafield ind1=' ' ind2=' ' tag='336'><subfield code='a'>text</subfield><subfield code='b'>txt</subfield></datafield><datafield ind1=' ' ind2=' ' tag='337'><subfield code='a'>computer</subfield><subfield code='b'>c</subfield></datafield><datafield ind1=' ' ind2=' ' tag='338'><subfield code='a'>online resource</subfield><subfield code='b'>cr</subfield></datafield><datafield ind1=' ' ind2=' ' tag='500'><subfield code='a'>Description based upon print version of record.</subfield></datafield><datafield ind1=' ' ind2=' ' tag='546'><subfield code='a'>English</subfield></datafield><datafield ind1=' ' ind2=' ' tag='504'><subfield code='a'>Includes bibliographical references and index.</subfield></datafield><datafield ind1='0' ind2=' ' tag='505'><subfield code='a'>List of contributors -- Prefaces -- Foreword -- Abbreviations -- 1 Introduction -- 1.1 General -- 1.2 Radio in the Digital Age -- 1.3 Benefits of the Eureka 147 DAB Systems Family -- 1.4 History of the Origins of DAB -- 1.5 International Standardisation -- 1.6 Relations to Other Digital Broadcasting Systems -- 2 System Concept -- 2.1 The Physical Channel -- 2.2 The DAB Transmission System -- 2.3 The DAB Multiplex -- 2.4 Conditional Access -- 2.5 Service Information -- 3 Audio Services and Applications -- 3.1 General -- 3.2 Audio Coding and Decoding -- 3.3 Characteristics of DAB Audio Coding -- 3.4 DAB+ Coding Schemes -- 3.5 Programme-associated Data -- 3.6 Multichannel Audio with DAB -- 3.7 Other Advanced Audio Application -- 3.8 Quality of Service -- 3.9 Audio Levels -- 4 Data Services and Applications -- 4.1 General -- 4.2 Data Application Signalling and Access -- 4.3 The Multimedia Object Transfer Protocol -- 4.4 Standardised MOT User Applications -- 4.5 Text Based Services -- 4.6 Traffic Information Services and Navigation Aids -- 4.7 Other Data Transmission Mechanisms -- 5 Provision of Services -- 5.1 The DAB Service Landscape -- 5.2 Use of Existing Infrastructures -- 5.3 Need for New Infrastructure -- 5.4 Relationship between DAB Data Services and RDS -- 5.5 Electronic Programme Guide (EPG) for DAB -- 5.6 Possible New Audio Services -- 6 Collection and Distribution Networks -- 6.1 General -- 6.2 The Collection Network -- 6.3 The Distribution Network -- 6.4 Example of Implementation -- 7 The Broadcast Side -- 7.1 General -- 7.2 Introduction to DAB Networks -- 7.3 Particularities of Single Frequency Networks (SFNs) -- 7.4 DAB Transmitters -- 7.5 Radio Frequency Propagation Aspects -- 7.6 Coverage Planning -- 7.7 Coverage Evaluation and Monitoring of SFNs -- 7.8 Frequency Management -- 8 The Receiving Side -- 8.1 General -- 8.2 RF Front-end -- 8.3 Digital Baseband Processing -- 8.4 Audio Decoder -- 8.5 Interfaces -- 8.6 Integrated Circuits for DAB -- 8.7 Receiver Overview.</subfield></datafield><datafield ind1='8' ind2=' ' tag='505'><subfield code='a'>8.8 Receiver Features -- 9 Mobile Television and Multimedia -- 9.1 Overview -- 9.2 DAB - DMB -- 9.3 DAB- IPDC -- 9.4 Application Standardisation -- 9.5 Conclusions -- Appendix 1 DAB Parameters for Modes I, II, III and IV -- Appendix 2 Frequencies for Terrestrial and Satellite DAB Transmission -- Appendix 3 DAB System Protocol Stack -- Bibliography -- Index.</subfield></datafield><datafield ind1=' ' ind2=' ' tag='520'><subfield code='a'>Revised with the latest standards and updates of all new developments The new digital broadcast system family is very different from existing conventional broadcast systems. It is standardised in a large number of documents (from ITU-R, ISO/IEC, ETSI, EBU, and others) which are often difficult to read. This book offers a comprehensive and fully updated overview of Digital Audio Broadcasting (DAB, DAB+) and Digital Multimedia Broadcasting (DMB), and related services and applications. Furthermore, the authors continue to build upon the topics of the previous editions, including audio coding, data services, receiver techniques, frequencies, and many others. There are several new sections in the book, which would be otherwise difficult to locate from various sources. Key Features: . The contents have been significantly updated from the second edition, including up-to-date coverage of the latest standards . Contains a new chapter on Digital Multimedia Broadcasting . “Must-have” handbook for engineers, developers and other professionals in the field This book will be of interest to planning and system engineers, developers for professional and domestic equipment manufacturers, service providers, postgraduate students and lecturers in communications technology. Broadcasting engineers in related fields will also find this book insightful.</subfield></datafield><datafield ind1=' ' ind2=' ' tag='506'><subfield code='a'>Restricted to subscribers or individual electronic text purchasers.</subfield></datafield><datafield ind1=' ' ind2=' ' tag='530'><subfield code='a'>Also available in print.</subfield></datafield><datafield ind1=' ' ind2=' ' tag='538'><subfield code='a'>Mode of access: World Wide Web</subfield></datafield><datafield ind1=' ' ind2=' ' tag='588'><subfield code='a'>Description based on PDF viewed 10/24/2017.</subfield></datafield><datafield ind1=' ' ind2='0' tag='650'><subfield code='a'>Digital audio broadcasting.</subfield></datafield><datafield ind1=' ' ind2='0' tag='650'><subfield code='a'>Digital communications.</subfield></datafield><datafield ind1=' ' ind2='4' tag='655'><subfield code='a'>Electronic books.</subfield></datafield><datafield ind1=' ' ind2=' ' tag='776'><subfield code='z'>0-470-51037-4</subfield></datafield><datafield ind1='1' ind2=' ' tag='700'><subfield code='a'>Hoeg, Wolfgang.</subfield></datafield><datafield ind1='1' ind2=' ' tag='700'><subfield code='a'>Lauterbach, Thomas.</subfield></datafield><datafield ind1=' ' ind2=' ' tag='906'><subfield code='a'>BOOK</subfield></datafield><datafield ind1=' ' ind2=' ' tag='PRT'><subfield code='a'>53363273030003811</subfield><subfield code='b'>https://sandbox01-na.alma.exlibrisgroup.com/view/uresolver/01TULI_INST/openurl?u.ignore_date_coverage=true&amp;rft.mms_id=991036792447003811</subfield><subfield code='e'>Wiley Online Library</subfield><subfield code='c'>Wiley Online Library UBCM all Online Books</subfield><subfield code='h'>613800000000000218</subfield><subfield code='8'>53363273030003811</subfield></datafield></record>