
<record xmlns='http://www.loc.gov/MARC21/slim'><leader>03373nam a22004935i 4500</leader><controlfield tag='001'>991036902105703811</controlfield><controlfield tag='005'>20180327111411.0</controlfield><controlfield tag='006'>m     o  d |      </controlfield><controlfield tag='007'>cr nn 008mamaa</controlfield><controlfield tag='008'>170317s2017    si |    o    |||| 0|eng d</controlfield><datafield ind1=' ' ind2=' ' tag='020'><subfield code='a'>981-10-4289-6</subfield></datafield><datafield ind1='7' ind2=' ' tag='024'><subfield code='a'>10.1007/978-981-10-4289-8</subfield><subfield code='2'>doi</subfield></datafield><datafield ind1=' ' ind2=' ' tag='035'><subfield code='a'>(CKB)3710000001109826</subfield></datafield><datafield ind1=' ' ind2=' ' tag='035'><subfield code='a'>(DE-He213)978-981-10-4289-8</subfield></datafield><datafield ind1=' ' ind2=' ' tag='035'><subfield code='a'>(MiAaPQ)EBC4825705</subfield></datafield><datafield ind1=' ' ind2=' ' tag='035'><subfield code='a'>(EXLCZ)993710000001109826</subfield></datafield><datafield ind1=' ' ind2=' ' tag='040'><subfield code='a'>MiAaPQ</subfield><subfield code='b'>eng</subfield><subfield code='e'>rda</subfield><subfield code='e'>pn</subfield><subfield code='c'>MiAaPQ</subfield><subfield code='d'>MiAaPQ</subfield></datafield><datafield ind1=' ' ind2='4' tag='050'><subfield code='a'>TK5102.9</subfield></datafield><datafield ind1=' ' ind2='4' tag='050'><subfield code='a'>TA1637-1638</subfield></datafield><datafield ind1=' ' ind2='4' tag='050'><subfield code='a'>TK7882.S65</subfield></datafield><datafield ind1=' ' ind2='7' tag='072'><subfield code='a'>TTBM</subfield><subfield code='2'>bicssc</subfield></datafield><datafield ind1=' ' ind2='7' tag='072'><subfield code='a'>UYS</subfield><subfield code='2'>bicssc</subfield></datafield><datafield ind1=' ' ind2='7' tag='072'><subfield code='a'>TEC008000</subfield><subfield code='2'>bisacsh</subfield></datafield><datafield ind1=' ' ind2='7' tag='072'><subfield code='a'>COM073000</subfield><subfield code='2'>bisacsh</subfield></datafield><datafield ind1='0' ind2='4' tag='082'><subfield code='a'>621.382</subfield><subfield code='2'>23</subfield></datafield><datafield ind1='1' ind2=' ' tag='100'><subfield code='a'>Xiang, Yong.</subfield><subfield code='e'>author.</subfield></datafield><datafield ind1='1' ind2='0' tag='245'><subfield code='a'>Digital Audio Watermarking</subfield><subfield code='h'>[electronic resource] :</subfield><subfield code='b'>Fundamentals, Techniques and Challenges /</subfield><subfield code='c'>by Yong Xiang, Guang Hua, Bin Yan.</subfield></datafield><datafield ind1=' ' ind2='1' tag='264'><subfield code='a'>Singapore :</subfield><subfield code='b'>Springer Singapore :</subfield><subfield code='b'>Imprint: Springer,</subfield><subfield code='c'>2017.</subfield></datafield><datafield ind1=' ' ind2=' ' tag='300'><subfield code='a'>1 online resource (XII, 90 p. 32 illus., 3 illus. in color.) </subfield></datafield><datafield ind1=' ' ind2=' ' tag='336'><subfield code='a'>text</subfield><subfield code='b'>txt</subfield><subfield code='2'>rdacontent</subfield></datafield><datafield ind1=' ' ind2=' ' tag='337'><subfield code='a'>computer</subfield><subfield code='b'>c</subfield><subfield code='2'>rdamedia</subfield></datafield><datafield ind1=' ' ind2=' ' tag='338'><subfield code='a'>online resource</subfield><subfield code='b'>cr</subfield><subfield code='2'>rdacarrier</subfield></datafield><datafield ind1=' ' ind2=' ' tag='347'><subfield code='a'>text file</subfield><subfield code='b'>PDF</subfield><subfield code='2'>rda</subfield></datafield><datafield ind1='1' ind2=' ' tag='490'><subfield code='a'>SpringerBriefs in Electrical and Computer Engineering,</subfield><subfield code='x'>2191-8112</subfield></datafield><datafield ind1=' ' ind2=' ' tag='504'><subfield code='a'>Includes bibliographical references at the end of each chapters.</subfield></datafield><datafield ind1=' ' ind2=' ' tag='588'><subfield code='a'>Description based on print version record.</subfield></datafield><datafield ind1='0' ind2=' ' tag='505'><subfield code='a'>Introduction -- Human Auditory System and Imperceptibility Control -- Classical Techniques and Recent Developments -- Reversible Audio Watermarking -- Audio Watermarking with Encryption -- Conclusion.</subfield></datafield><datafield ind1=' ' ind2=' ' tag='520'><subfield code='a'>This book offers comprehensive coverage on the most important aspects of audio watermarking, from classic techniques to the latest advances, from commonly investigated topics to emerging research subdomains, and from the research and development achievements to date, to current limitations, challenges, and future directions. It also addresses key topics such as reversible audio watermarking, audio watermarking with encryption, and imperceptibility control methods. The book sets itself apart from the existing literature in three main ways. Firstly, it not only reviews classical categories of audio watermarking techniques, but also provides detailed descriptions, analysis and experimental results of the latest work in each category. Secondly, it highlights the emerging research topic of reversible audio watermarking, including recent research trends, unique features, and the potentials of this subdomain. Lastly, the joint consideration of audio watermarking and encryption is also reviewed. With the help of this concept, more secure audio watermarking systems can be developed, which meet the requirements for security and privacy in cloud-based networks and systems. Accordingly, the book serves as a tutorial suitable for readers with a general knowledge of audio signal processing as well as experts in related areas, helping these readers understand the basic principles and the latest advances, concepts and applications of audio watermarking.</subfield></datafield><datafield ind1=' ' ind2='0' tag='650'><subfield code='a'>Digital watermarking.</subfield></datafield><datafield ind1=' ' ind2='4' tag='655'><subfield code='a'>Electronic books.</subfield></datafield><datafield ind1=' ' ind2=' ' tag='776'><subfield code='z'>981-10-4288-8</subfield></datafield><datafield ind1='1' ind2=' ' tag='700'><subfield code='a'>Hua, Guang.</subfield><subfield code='e'>author.</subfield></datafield><datafield ind1='1' ind2=' ' tag='700'><subfield code='a'>Yan, Bin.</subfield><subfield code='e'>author.</subfield></datafield><datafield ind1=' ' ind2='0' tag='830'><subfield code='a'>SpringerBriefs in Electrical and Computer Engineering,</subfield><subfield code='x'>2191-8112</subfield></datafield><datafield ind1=' ' ind2=' ' tag='906'><subfield code='a'>BOOK</subfield></datafield><datafield ind1=' ' ind2=' ' tag='PRT'><subfield code='a'>53426024120003811</subfield><subfield code='b'>https://sandbox01-na.alma.exlibrisgroup.com/view/uresolver/01TULI_INST/openurl?u.ignore_date_coverage=true&amp;rft.mms_id=991036902105703811</subfield><subfield code='e'>Springer Link</subfield><subfield code='c'>SpringerLINK eBooks - English/International Collection (2017)</subfield><subfield code='h'>613810000000000404</subfield><subfield code='8'>53426024120003811</subfield></datafield></record>