
<record xmlns='http://www.loc.gov/MARC21/slim'><leader>01666nam  2200385 i 4500</leader><controlfield tag='001'>991036728635003811</controlfield><controlfield tag='005'>20170919021424.0</controlfield><controlfield tag='006'>m     o  d |      </controlfield><controlfield tag='007'>cr -n---------</controlfield><controlfield tag='008'>160531t20162016nyu     o     001 0 eng d</controlfield><datafield ind1=' ' ind2=' ' tag='020'><subfield code='a'>1-315-73341-2</subfield></datafield><datafield ind1=' ' ind2=' ' tag='020'><subfield code='a'>1-317-55790-5</subfield></datafield><datafield ind1=' ' ind2=' ' tag='020'><subfield code='a'>1-317-55789-1</subfield></datafield><datafield ind1=' ' ind2=' ' tag='035'><subfield code='a'>(CKB)3710000000596168</subfield></datafield><datafield ind1=' ' ind2=' ' tag='035'><subfield code='a'>(EBL)4406491</subfield></datafield><datafield ind1=' ' ind2=' ' tag='035'><subfield code='a'>(SSID)ssj0001614068</subfield></datafield><datafield ind1=' ' ind2=' ' tag='035'><subfield code='a'>(PQKBManifestationID)16339205</subfield></datafield><datafield ind1=' ' ind2=' ' tag='035'><subfield code='a'>(PQKBTitleCode)TC0001614068</subfield></datafield><datafield ind1=' ' ind2=' ' tag='035'><subfield code='a'>(PQKBWorkID)14914567</subfield></datafield><datafield ind1=' ' ind2=' ' tag='035'><subfield code='a'>(PQKB)11605586</subfield></datafield><datafield ind1=' ' ind2=' ' tag='035'><subfield code='a'>(MiAaPQ)EBC4406491</subfield></datafield><datafield ind1=' ' ind2=' ' tag='035'><subfield code='a'>(EXLCZ)993710000000596168</subfield></datafield><datafield ind1=' ' ind2=' ' tag='040'><subfield code='a'>MiAaPQ</subfield><subfield code='b'>eng</subfield><subfield code='e'>rda</subfield><subfield code='e'>pn</subfield><subfield code='c'>MiAaPQ</subfield><subfield code='d'>MiAaPQ</subfield></datafield><datafield ind1=' ' ind2=' ' tag='041'><subfield code='a'>eng</subfield></datafield><datafield ind1=' ' ind2='4' tag='050'><subfield code='a'>TK6557.5</subfield><subfield code='b'>.S28 2016</subfield></datafield><datafield ind1=' ' ind2=' ' tag='082'><subfield code='a'>791.4402/32</subfield></datafield><datafield ind1='1' ind2=' ' tag='100'><subfield code='a'>Sauls, Samuel J.,</subfield><subfield code='e'>author.</subfield></datafield><datafield ind1='1' ind2='0' tag='245'><subfield code='a'>Audio production worktext :</subfield><subfield code='b'>concepts, techniques, and equipment /</subfield><subfield code='c'>Samuel J. Sauls and Craig A. Stark.</subfield></datafield><datafield ind1=' ' ind2=' ' tag='250'><subfield code='a'>8th ed.</subfield></datafield><datafield ind1=' ' ind2='1' tag='264'><subfield code='a'>New York, New York ;</subfield><subfield code='a'>London, [England] :</subfield><subfield code='b'>Routledge,</subfield><subfield code='c'>2016.</subfield></datafield><datafield ind1=' ' ind2='4' tag='264'><subfield code='c'>©2016</subfield></datafield><datafield ind1=' ' ind2=' ' tag='300'><subfield code='a'>1 online resource (489 p.)</subfield></datafield><datafield ind1=' ' ind2=' ' tag='336'><subfield code='a'>text</subfield><subfield code='b'>txt</subfield></datafield><datafield ind1=' ' ind2=' ' tag='337'><subfield code='a'>computer</subfield><subfield code='b'>c</subfield></datafield><datafield ind1=' ' ind2=' ' tag='338'><subfield code='a'>online resource</subfield><subfield code='b'>cr</subfield></datafield><datafield ind1=' ' ind2=' ' tag='500'><subfield code='a'>Description based upon print version of record.</subfield></datafield><datafield ind1='0' ind2=' ' tag='505'><subfield code='a'>Cover; Title; Copyright; CONTENTS; Preface; Acknowledgments; CHAPTER 1 PRODUCTION PLANNING; 1.1 Introduction; 1.2 The Idea; 1.3 Goals and Objectives; 1.4 The Target Audience; 1.5 Style; 1.6 Production Personnel; 1.7 Production Elements; Production Tip 1A-Pick Any Two; 1.8 The Script; 1.9 Paperwork; 1.10 The Importance of Voice; Production Tip 1B-Copy Marking; 1.11 Equipment and Facilities; 1.12 Laws; 1.13 Ethics; 1.14 Conclusion; Self-Study; Questions; Answers; Projects; Project 1-Undertake Production Planning for a 15-Minute Interview Show; Project 2-Assess Your Skills</subfield></datafield><datafield ind1='8' ind2=' ' tag='505'><subfield code='a'>CHAPTER 2 THE STUDIO ENVIRONMENT2.1 Introduction; 2.2 The Audio Chain; 2.3 The Studio Layout; 2.4 Production Studio Furniture; 2.5 Studio Sound Considerations; 2.6 Studio Construction Materials; 2.7 Studio Size and Shape; 2.8 Studio Aesthetics; Production Tip 2A-Static Electricity; 2.9 On-Air/Recording Lights; 2.10 Hand Signals; 2.11 Noise and Distortion; 2.12 Is it a Sound Signal or an Audio Signal?; 2.13 Sound Defined; 2.14 Key Characteristics of Sound Waves; 2.15 Frequency Response; 2.16 Conclusion; Self-Study; Questions; Answers; Projects</subfield></datafield><datafield ind1='8' ind2=' ' tag='505'><subfield code='a'>Project 1-Tour an Audio Facility and Write a Report Describing ItProject 2-Redesign Your Production Studio; Project 3-Draw an Audio Chain Flowchart for Your Production Studio; CHAPTER 3 DIGITAL AUDIO PRODUCTION; 3.1 Introduction; 3.2 The Analog Roots of Digital Production; 3.3 The Digital Process; 3.4 Reasons for Editing; 3.5 Desktop Audio Production: The Digital Audio Editor; Production Tip 3A-Audacity; 3.6 Digital Audio Workstations and Other Digital Editing Solutions; 3.7 Strong Points and Weak Points of Digital Production; Production Tip 3B-Maintaining Digital Equipment</subfield></datafield><datafield ind1='8' ind2=' ' tag='505'><subfield code='a'>3.8 Audio Synchronization3.9 Latency Issues; 3.10 Digital Audio Editing; Production Tip 3C-What&apos;s up with Adobe® Creative Cloud®?; 3.11 Multitrack Editing Techniques; 3.12 Multitrack Voice Effects; 3.13 Track Sheets; 3.14 The Mix Down; 3.15 Multitrack Spot Production; 3.16 Conclusion; Self-Study; Questions; Answers; Projects; Project 1-Undertake Digital Audio Editing; Project 2-Using a Digital Audio Editor, Build a Short Music Bed and Record a &quot;Voice and Music Bed&quot; Spot; Project 3-Write and Record a 60-Second &quot;Concert Commercial&quot;</subfield></datafield><datafield ind1='8' ind2=' ' tag='505'><subfield code='a'>Project 4-Write and Record a Report that Compares Various Recording/Editing Software ProgramsProject 5-Record a Public Service Announcement that Uses a Sound Effect; CHAPTER 4 MICROPHONES; 4.1 Introduction; 4.2 Classifying Microphones; 4.3 Dynamic Microphones; 4.4 Condenser Microphones; 4.5 Microphone Pickup Patterns; 4.6 The Omnidirectional Pickup Pattern; 4.7 The Cardioid Pickup Pattern; 4.8 Polar Response Patterns; 4.9 Impedance of Microphones; 4.10 Sensitivity of Microphones; 4.11 Proximity Effect and Bass Roll-Off; 4.12 Microphone Feedback; 4.13 Multiple-Microphone Interference</subfield></datafield><datafield ind1='8' ind2=' ' tag='505'><subfield code='a'>4.14 Stereo</subfield></datafield><datafield ind1=' ' ind2=' ' tag='546'><subfield code='a'>English</subfield></datafield><datafield ind1=' ' ind2=' ' tag='588'><subfield code='a'>Description based on print version record.</subfield></datafield><datafield ind1=' ' ind2='0' tag='650'><subfield code='a'>Sound studios</subfield><subfield code='v'>Textbooks.</subfield></datafield><datafield ind1=' ' ind2='0' tag='650'><subfield code='a'>Radio stations</subfield><subfield code='x'>Equipment and supplies</subfield><subfield code='v'>Textbooks.</subfield></datafield><datafield ind1=' ' ind2='0' tag='650'><subfield code='a'>Radio</subfield><subfield code='x'>Production and direction</subfield><subfield code='v'>Textbooks.</subfield></datafield><datafield ind1=' ' ind2='0' tag='650'><subfield code='a'>Sound</subfield><subfield code='x'>Recording and reproducing</subfield><subfield code='x'>Equipment and supplies</subfield><subfield code='v'>Textbooks.</subfield></datafield><datafield ind1=' ' ind2='4' tag='655'><subfield code='a'>Electronic books.</subfield></datafield><datafield ind1=' ' ind2=' ' tag='776'><subfield code='z'>1-138-83945-0</subfield></datafield><datafield ind1=' ' ind2=' ' tag='776'><subfield code='z'>1-138-83946-9</subfield></datafield><datafield ind1='1' ind2=' ' tag='700'><subfield code='a'>Stark, Craig A.,</subfield><subfield code='e'>author.</subfield></datafield><datafield ind1=' ' ind2=' ' tag='906'><subfield code='a'>BOOK</subfield></datafield><datafield ind1=' ' ind2=' ' tag='ADM'><subfield code='b'>2017-12-01 05:42:30</subfield><subfield code='e'>993710000000596168</subfield><subfield code='d'>NON_SFX</subfield><subfield code='f'>20160803134623.0</subfield><subfield code='a'>2016-03-05 17:05:54</subfield><subfield code='c'>false</subfield></datafield><datafield ind1=' ' ind2=' ' tag='PRT'><subfield code='a'>53347497110003811</subfield><subfield code='b'>https://sandbox01-na.alma.exlibrisgroup.com/view/uresolver/01TULI_INST/openurl?u.ignore_date_coverage=true&amp;rft.mms_id=991036728635003811</subfield><subfield code='e'>ProQuest</subfield><subfield code='9'>Available</subfield><subfield code='c'>ProQuest Safari Tech Books Online Current File</subfield><subfield code='h'>611000000000002577</subfield><subfield code='8'>53347497110003811</subfield></datafield></record>