
<record xmlns='http://www.loc.gov/MARC21/slim'><leader>03564cam a2200421Ka 4500</leader><controlfield tag='005'>20120204102657.0</controlfield><controlfield tag='006'>m        d        </controlfield><controlfield tag='007'>cr cn|</controlfield><controlfield tag='008'>120110s2012    maua    o     001 0 eng d</controlfield><controlfield tag='001'>991027115759703811</controlfield><datafield ind1=' ' ind2=' ' tag='020'><subfield code='a'>9780240819150 (electronic bk.)</subfield></datafield><datafield ind1=' ' ind2=' ' tag='020'><subfield code='a'>0240819152 (electronic bk.)</subfield></datafield><datafield ind1=' ' ind2=' ' tag='035'><subfield code='a'>(PPT)b51397912-01tuli_inst</subfield></datafield><datafield ind1=' ' ind2=' ' tag='035'><subfield code='a'>(OCoLC)772175962</subfield></datafield><datafield ind1=' ' ind2=' ' tag='037'><subfield code='a'>1103400:10967411</subfield><subfield code='b'>Elsevier Science &amp; Technology</subfield><subfield code='n'>http://www.sciencedirect.com</subfield></datafield><datafield ind1=' ' ind2=' ' tag='040'><subfield code='a'>OPELS</subfield><subfield code='b'>eng</subfield><subfield code='c'>OPELS</subfield><subfield code='d'>E7B</subfield><subfield code='d'>CDX</subfield></datafield><datafield ind1=' ' ind2=' ' tag='049'><subfield code='a'>TEUU</subfield></datafield><datafield ind1=' ' ind2=' ' tag='090'><subfield code='a'>TK7881.4</subfield><subfield code='b'>.D596 2012eb</subfield></datafield><datafield ind1='1' ind2=' ' tag='100'><subfield code='a'>Dittmar, Tim.</subfield></datafield><datafield ind1='1' ind2='0' tag='245'><subfield code='a'>Audio engineering 101</subfield><subfield code='h'>[electronic resource] :</subfield><subfield code='b'>a beginner&apos;s guide to music production /</subfield><subfield code='c'>Timothy A. Dittmar.</subfield></datafield><datafield ind1=' ' ind2=' ' tag='260'><subfield code='a'>Waltham, MA :</subfield><subfield code='b'>Focal Press,</subfield><subfield code='c'>c2012.</subfield></datafield><datafield ind1=' ' ind2=' ' tag='300'><subfield code='a'>1 online resource (x, 245 p.) :</subfield><subfield code='b'>ill.</subfield></datafield><datafield ind1=' ' ind2=' ' tag='520'><subfield code='a'>Audio Engineering 101 is a real world guide for starting out in the recording industry. If you have the dream, the ideas, the music and the creativity but don&apos;t know where to start, then this book is for you! Filled with practical advice on how to navigate the recording world, from an author with first-hand, real-life experience, Audio Engineering 101 will help you succeed in the exciting, but tough and confusing, music industry. Covering all you need to know about the recording process, from the characteristics of sound to a guide to microphones to analog versus digital recording. Dittmar covers all the basics- equipment, studio acoustics, the principals of EQ/ compression, music examples to work from and when and how to use compression. FAQ&apos;s from professionals give you real insight into the reality of life on the industry. * Easy to understand. A real beginner&apos;s music production guide. No experience needed! * Covers aspects of audio often overlooked: internships, people skills, jobs, and the art side * Geared towards anyone wanting to do Music Production either as a hobby or potential career path *Gives you insight into the process of music production by unraveling the mystery behind producing records.</subfield></datafield><datafield ind1=' ' ind2=' ' tag='500'><subfield code='a'>Machine generated contents note: Introduction Chapter 1 What is sound? Chapter 2 How we hear, how to listen, how to describe sound. Chapter 3 Great tips on EQing Chapter 4 People skills Chapter 5 Microphones and where should I place them? Chapter 6 Signal flow Chapter 7 Signal processors Chapter 8 Mixing consoles Chapter 9 Recording Session Procedures Chapter 10 Basic acoustics Chapter 11 Analogue and Digital Audio Chapter 12 Should I get an internship? Chapter13 The business side Chapter 14 FAQs Chapter 15 Glossary and additional resources.</subfield></datafield><datafield ind1=' ' ind2=' ' tag='504'><subfield code='a'>Includes bibliographical references and index.</subfield></datafield><datafield ind1=' ' ind2=' ' tag='588'><subfield code='a'>Description based on print version record.</subfield></datafield><datafield ind1=' ' ind2=' ' tag='590'><subfield code='a'>Access is available to the Temple Community through use of a networked computer with a Temple IP address.</subfield></datafield><datafield ind1=' ' ind2='0' tag='650'><subfield code='a'>Sound</subfield><subfield code='x'>Recording and reproducing</subfield><subfield code='v'>Handbooks, manuals, etc.</subfield></datafield><datafield ind1=' ' ind2='0' tag='650'><subfield code='a'>Sound</subfield><subfield code='x'>Recording and reproducing</subfield><subfield code='x'>Digital techniques</subfield><subfield code='v'>Handbooks, manuals, etc.</subfield></datafield><datafield ind1=' ' ind2='0' tag='655'><subfield code='a'>Electronic books.</subfield></datafield><datafield ind1='2' ind2=' ' tag='710'><subfield code='a'>ScienceDirect (Online service)</subfield></datafield><datafield ind1='0' ind2='8' tag='776'><subfield code='i'>Print version:</subfield><subfield code='a'>Dittmar, Tim.</subfield><subfield code='t'>Audio engineering 101.</subfield><subfield code='d'>Waltham, MA : Focal Press, c2012</subfield><subfield code='z'>9780240819150</subfield><subfield code='w'>(DLC)  2011041974</subfield><subfield code='w'>(OCoLC)731925433</subfield></datafield><datafield ind1='4' ind2='0' tag='856'><subfield code='3'>ScienceDirect</subfield><subfield code='u'>http://libproxy.temple.edu/login?url=http://www.sciencedirect.com/science/book/9780240819150</subfield><subfield code='z'>Access full text online.</subfield></datafield><datafield ind1=' ' ind2=' ' tag='907'><subfield code='a'>.b51397912</subfield><subfield code='b'>w    </subfield><subfield code='c'>-</subfield></datafield><datafield ind1=' ' ind2=' ' tag='902'><subfield code='a'>120228</subfield></datafield><datafield ind1=' ' ind2=' ' tag='998'><subfield code='b'>1</subfield><subfield code='c'>120303</subfield><subfield code='d'>m</subfield><subfield code='e'>@</subfield><subfield code='f'>-</subfield><subfield code='g'>0</subfield></datafield><datafield ind1=' ' ind2=' ' tag='902'><subfield code='a'>Elsevier/ScienceDirect 2012-02-28</subfield></datafield><datafield ind1=' ' ind2=' ' tag='945'><subfield code='l'>w    </subfield><subfield code='g'>1</subfield></datafield><datafield ind1=' ' ind2=' ' tag='ADM'><subfield code='e'>b51397912-01tuli_inst</subfield><subfield code='d'>ILS</subfield><subfield code='a'>2017-06-20 07:26:49</subfield><subfield code='c'>false</subfield></datafield><datafield ind1=' ' ind2=' ' tag='PRT'><subfield code='a'>53378017270003811</subfield><subfield code='b'>https://sandbox01-na.alma.exlibrisgroup.com/view/uresolver/01TULI_INST/openurl?u.ignore_date_coverage=true&amp;rft.mms_id=991027115759703811</subfield><subfield code='f'>Access full text online.</subfield><subfield code='9'>Available</subfield><subfield code='d'>MAIN</subfield><subfield code='c'>ScienceDirect</subfield><subfield code='8'>53378017270003811</subfield></datafield></record>