
<record xmlns='http://www.loc.gov/MARC21/slim'><leader>01140nam  22003014a 4500</leader><controlfield tag='001'>991036792968903811</controlfield><controlfield tag='005'>20170815113026.0</controlfield><controlfield tag='006'>m     o  d |      </controlfield><controlfield tag='007'>cr -n---------</controlfield><controlfield tag='008'>060222s2006    enka    ob    001 0 eng  </controlfield><datafield ind1=' ' ind2=' ' tag='010'><subfield code='z'>  2006006475</subfield></datafield><datafield ind1=' ' ind2=' ' tag='020'><subfield code='a'>1-280-74123-6</subfield></datafield><datafield ind1=' ' ind2=' ' tag='020'><subfield code='a'>9786610741236</subfield></datafield><datafield ind1=' ' ind2=' ' tag='020'><subfield code='a'>0-470-86925-9</subfield></datafield><datafield ind1=' ' ind2=' ' tag='020'><subfield code='a'>0-470-86924-0</subfield></datafield><datafield ind1=' ' ind2=' ' tag='035'><subfield code='a'>(CKB)1000000000356016</subfield></datafield><datafield ind1=' ' ind2=' ' tag='035'><subfield code='a'>(EBL)284488</subfield></datafield><datafield ind1=' ' ind2=' ' tag='035'><subfield code='a'>(OCoLC)166396206</subfield></datafield><datafield ind1=' ' ind2=' ' tag='035'><subfield code='a'>(SSID)ssj0000219637</subfield></datafield><datafield ind1=' ' ind2=' ' tag='035'><subfield code='a'>(PQKBManifestationID)11189824</subfield></datafield><datafield ind1=' ' ind2=' ' tag='035'><subfield code='a'>(PQKBTitleCode)TC0000219637</subfield></datafield><datafield ind1=' ' ind2=' ' tag='035'><subfield code='a'>(PQKBWorkID)10247746</subfield></datafield><datafield ind1=' ' ind2=' ' tag='035'><subfield code='a'>(PQKB)10176819</subfield></datafield><datafield ind1=' ' ind2=' ' tag='035'><subfield code='a'>(MiAaPQ)EBC284488</subfield></datafield><datafield ind1=' ' ind2=' ' tag='035'><subfield code='a'>(EXLCZ)991000000000356016</subfield></datafield><datafield ind1=' ' ind2=' ' tag='040'><subfield code='a'>MiAaPQ</subfield><subfield code='c'>MiAaPQ</subfield><subfield code='d'>MiAaPQ</subfield></datafield><datafield ind1=' ' ind2=' ' tag='041'><subfield code='a'>eng</subfield></datafield><datafield ind1=' ' ind2='4' tag='050'><subfield code='a'>TK7881.4</subfield><subfield code='b'>.B34 2006</subfield></datafield><datafield ind1='0' ind2='0' tag='082'><subfield code='a'>621.38933</subfield></datafield><datafield ind1='1' ind2=' ' tag='100'><subfield code='a'>Bech, Søren.</subfield></datafield><datafield ind1='1' ind2='0' tag='245'><subfield code='a'>Perceptual audio evaluation</subfield><subfield code='h'>[electronic resource] :</subfield><subfield code='b'>theory, method and application /</subfield><subfield code='c'>Søren Bech, Nick Zacharov.</subfield></datafield><datafield ind1=' ' ind2=' ' tag='260'><subfield code='a'>Chichester, England ;</subfield><subfield code='a'>Hoboken, NJ :</subfield><subfield code='b'>John Wiley &amp; Sons,</subfield><subfield code='c'>c2006.</subfield></datafield><datafield ind1=' ' ind2=' ' tag='300'><subfield code='a'>1 online resource (464 p.)</subfield></datafield><datafield ind1=' ' ind2=' ' tag='336'><subfield code='a'>text</subfield><subfield code='b'>txt</subfield></datafield><datafield ind1=' ' ind2=' ' tag='337'><subfield code='a'>computer</subfield><subfield code='b'>c</subfield></datafield><datafield ind1=' ' ind2=' ' tag='338'><subfield code='a'>online resource</subfield><subfield code='b'>cr</subfield></datafield><datafield ind1=' ' ind2=' ' tag='500'><subfield code='a'>Description based upon print version of record.</subfield></datafield><datafield ind1='0' ind2=' ' tag='505'><subfield code='a'>Perceptual Audio Evaluation-Theory, Method and Application; Contents; Preface; Organisation of the Book; Acknowledgments; 1 Introduction; 1.1 Motivation for Listening Tests; 1.2 Role of Standardisation; 1.3 Role of Predictive Models; I Experimental Considerations; 2 Definition of Research Question and Hypothesis; 2.1 Principle of Empiricism; 2.2 Principle of Rationalism; 2.3 Other Principles of Scientific Argumentation; 2.3.1 Probabilistic Reasoning; 2.3.2 Argumentum ad Hominem; 2.3.3 Conclusion by Analogy; 2.4 Summary; 3 Fundamentals of Experimentation; 4 Quantification of Impression</subfield></datafield><datafield ind1='8' ind2=' ' tag='505'><subfield code='a'>4.1 Response Attribute4.1.1 Perceptual Measurements; 4.1.2 Affective Measurements; 4.2 Response Format; 4.2.1 Direct Scaling; 4.2.2 Indirect Scaling; 4.2.3 Selection of an Appropriate Scaling Procedure; 4.2.4 Context and Bias Effects; 4.2.5 Other Bias Effects; 4.3 Overview of Process; 5 Experimental Variables; 5.1 Signal; 5.1.1 Signal Category; 5.1.2 Recording Technique, Storage and Encoding; 5.1.3 Time Domain Characteristics; 5.1.4 Spectral Characteristics; 5.1.5 Spatial Characteristics; 5.1.6 Reference Signals; 5.2 Reproduction System; 5.3 Listening Room; 5.4 Subject Considerations</subfield></datafield><datafield ind1='8' ind2=' ' tag='505'><subfield code='a'>5.4.1 Categorisation and Applicability5.4.2 Listening Panels; 5.4.3 Subject Selection; 5.4.4 Training and Monitoring; 6 Statistics; 6.1 Statistical Experimental Design; 6.2 Statistical Analysis; 6.2.1 Classification of Data Type; 6.2.2 Levels of Analysis; 6.2.3 Descriptive Level; 6.2.4 Inferential Level; 6.2.5 Statistical Checklist; II Technical Considerations; 7 Electroacoustic Considerations; 7.1 Listening Rooms; 7.1.1 IEC 60268-13 Listening Rooms; 7.1.2 ITU-R Recommendation BS.1116-1 Listening Rooms; 7.1.3 EBU 3276 Listening Rooms; 7.1.4 General Characteristics; 7.2 Listening Booths</subfield></datafield><datafield ind1='8' ind2=' ' tag='505'><subfield code='a'>7.3 Other Spaces7.4 Listener and Loudspeaker Positioning; 7.4.1 Monophonic Reproduction; 7.4.2 Stereophonic Reproduction; 7.4.3 Multichannel Reproduction; 7.4.4 Separate Bass Loudspeakers; 7.4.5 Listener Position; 7.5 Accompanying Picture; 7.6 Commonly Encountered Problems; 7.7 Electrical Considerations; 8 Calibration; 8.1 Level Calibration; 8.1.1 Level Calibration Methods; 8.1.2 Level Metric Selection; 8.1.3 Preferred Listening Levels; 8.1.4 Reference Reproduction Levels; 8.2 Loudspeaker Calibration; 8.2.1 Level Calibration; 8.3 Headphone Calibration; 8.3.1 Headphone Types</subfield></datafield><datafield ind1='8' ind2=' ' tag='505'><subfield code='a'>8.3.2 Ear Measurement Points8.3.3 Headphone Measurement; 8.3.4 Target Frequency Response; 8.3.5 Level Calibration; 9 Test Planning, Administration and Reporting; 9.1 Planning; 9.1.1 Experimental Planning; 9.1.2 Logistic Considerations; 9.1.3 Ethical Considerations; 9.2 Administration; 9.2.1 Subject Matters; 9.2.2 Subject Familiarisation; 9.2.3 Listening Test Software; 9.3 Reporting; III Applications; 10 Commonly Encountered Experimental Paradigms; 10.1 Standards; 10.1.1 ITU-T Recommendation P.800 Methods; 10.1.2 ITU-R Recommendation BS.1116-1; 10.1.3 ITU-R Recommendation BS.1534-1</subfield></datafield><datafield ind1='8' ind2=' ' tag='505'><subfield code='a'>IV Appendices</subfield></datafield><datafield ind1=' ' ind2=' ' tag='520'><subfield code='a'>As audio and telecommunication technologies develop, there is an increasing need to evaluate the technical and perceptual performance of these innovations. A growing number of new technologies (e.g. low bit-rate coding) are based on specific properties of the auditory system, which are often highly non-linear. This means that the auditory quality of such systems cannot be measured by traditional physical measures (such as distortion, frequency response etc.), but only by perceptual evaluations in the form of listening tests.  Perceptual Audio Evaluation provides a comprehen</subfield></datafield><datafield ind1=' ' ind2=' ' tag='546'><subfield code='a'>English</subfield></datafield><datafield ind1=' ' ind2=' ' tag='504'><subfield code='a'>Includes bibliographical references (p. 389-434) and index.</subfield></datafield><datafield ind1=' ' ind2='0' tag='650'><subfield code='a'>Sound</subfield><subfield code='x'>Recording and reproducing.</subfield></datafield><datafield ind1=' ' ind2='0' tag='650'><subfield code='a'>High-fidelity sound systems</subfield><subfield code='x'>Testing.</subfield></datafield><datafield ind1=' ' ind2='0' tag='650'><subfield code='a'>Sound</subfield><subfield code='x'>Measurement.</subfield></datafield><datafield ind1=' ' ind2='4' tag='655'><subfield code='a'>Electronic books.</subfield></datafield><datafield ind1=' ' ind2=' ' tag='776'><subfield code='z'>0-470-86923-2</subfield></datafield><datafield ind1='1' ind2=' ' tag='700'><subfield code='a'>Zacharov, Nick.</subfield></datafield><datafield ind1=' ' ind2=' ' tag='906'><subfield code='a'>BOOK</subfield></datafield><datafield ind1=' ' ind2=' ' tag='ADM'><subfield code='b'>2018-02-17 08:16:20</subfield><subfield code='e'>991000000000356016</subfield><subfield code='d'>NON_SFX</subfield><subfield code='f'>20160804032651.0</subfield><subfield code='a'>2012-02-26 01:21:28</subfield><subfield code='c'>false</subfield></datafield><datafield ind1=' ' ind2=' ' tag='PRT'><subfield code='a'>53363440670003811</subfield><subfield code='b'>https://sandbox01-na.alma.exlibrisgroup.com/view/uresolver/01TULI_INST/openurl?u.ignore_date_coverage=true&amp;rft.mms_id=991036792968903811</subfield><subfield code='e'>Wiley Online Library</subfield><subfield code='9'>Available</subfield><subfield code='c'>Wiley Online Library UBCM all Online Books</subfield><subfield code='h'>613800000000000218</subfield><subfield code='8'>53363440670003811</subfield></datafield></record>