
<record xmlns='http://www.loc.gov/MARC21/slim'><leader>01594nas  2200433 a 4500</leader><controlfield tag='001'>991036796347403811</controlfield><controlfield tag='005'>20171030160837.0</controlfield><controlfield tag='006'>m     o  d        </controlfield><controlfield tag='007'>cr mnu</controlfield><controlfield tag='008'>980604c19799999nyumx pso     0   a0eng c</controlfield><datafield ind1=' ' ind2=' ' tag='010'><subfield code='a'>  2004251116</subfield></datafield><datafield ind1='7' ind2=' ' tag='016'><subfield code='a'>1466346 6</subfield><subfield code='2'>DE-600</subfield></datafield><datafield ind1=' ' ind2=' ' tag='022'><subfield code='a'>1872-7557</subfield></datafield><datafield ind1=' ' ind2=' ' tag='035'><subfield code='a'>(OCoLC)39224660</subfield></datafield><datafield ind1=' ' ind2=' ' tag='035'><subfield code='a'>(CKB)954925481601</subfield></datafield><datafield ind1=' ' ind2=' ' tag='035'><subfield code='a'>(CONSER)  2004251116</subfield></datafield><datafield ind1=' ' ind2=' ' tag='035'><subfield code='a'>(DE-599)ZDB1466346 6</subfield></datafield><datafield ind1=' ' ind2=' ' tag='035'><subfield code='a'>(EXLCZ)99954925481601</subfield></datafield><datafield ind1=' ' ind2=' ' tag='042'><subfield code='a'>pcc</subfield></datafield><datafield ind1=' ' ind2='4' tag='050'><subfield code='a'>TK5102.5</subfield><subfield code='b'>.S54</subfield></datafield><datafield ind1='0' ind2=' ' tag='130'><subfield code='a'>Signal processing (Online)</subfield></datafield><datafield ind1=' ' ind2=' ' tag='210'><subfield code='a'>SIGNAL PROCESS</subfield></datafield><datafield ind1=' ' ind2=' ' tag='210'><subfield code='a'>SIGNAL PROC</subfield></datafield><datafield ind1=' ' ind2=' ' tag='210'><subfield code='a'>SIGNAL PROCESSING AN INTERNATIONAL JOURNAL DEVOTED TO THE METHODS AND APPLICAT</subfield></datafield><datafield ind1='0' ind2=' ' tag='210'><subfield code='a'>Signal process.</subfield></datafield><datafield ind1=' ' ind2='0' tag='222'><subfield code='a'>Signal processing</subfield><subfield code='b'>(Online)</subfield></datafield><datafield ind1='1' ind2='0' tag='245'><subfield code='a'>Signal processing</subfield><subfield code='h'>[electronic resource].</subfield></datafield><datafield ind1=' ' ind2=' ' tag='260'><subfield code='a'>New York, NY :</subfield><subfield code='b'>Elsevier Science Pub. Co.</subfield></datafield><datafield ind1=' ' ind2=' ' tag='310'><subfield code='a'>12 issues yearly</subfield></datafield><datafield ind1='1' ind2=' ' tag='362'><subfield code='a'>Print began with vol. for Jan. 1979.</subfield></datafield><datafield ind1=' ' ind2=' ' tag='538'><subfield code='a'>Mode of access: World Wide Web.</subfield></datafield><datafield ind1=' ' ind2=' ' tag='550'><subfield code='a'>Publication of the European Association for Signal Processing (EURASIP).</subfield></datafield><datafield ind1=' ' ind2=' ' tag='588'><subfield code='a'>Description based on: Vol. 41, issue 1 (Jan. 1995); title from general information screen (viewed June 3, 1998).</subfield></datafield><datafield ind1=' ' ind2=' ' tag='588'><subfield code='a'>Latest issue consulted: Vol. 85, no. 6 (June 2005)--PDF at Elsevier&apos;s ScienceDirect Web site, viewed Apr. 29, 2005.</subfield></datafield><datafield ind1=' ' ind2=' ' tag='500'><subfield code='a'>Refereed/Peer-reviewed</subfield></datafield><datafield ind1=' ' ind2='0' tag='650'><subfield code='a'>Signal processing</subfield><subfield code='v'>Periodicals.</subfield></datafield><datafield ind1=' ' ind2='6' tag='650'><subfield code='a'>Traitement du signal</subfield><subfield code='v'>Périodiques.</subfield></datafield><datafield ind1='2' ind2=' ' tag='710'><subfield code='a'>European Association for Signal Processing.</subfield></datafield><datafield ind1=' ' ind2=' ' tag='776'><subfield code='x'>0165-1684</subfield></datafield><datafield ind1=' ' ind2=' ' tag='906'><subfield code='a'>JOURNAL</subfield></datafield><datafield ind1=' ' ind2=' ' tag='PRT'><subfield code='a'>53364542840003811</subfield><subfield code='b'>https://sandbox01-na.alma.exlibrisgroup.com/view/uresolver/01TULI_INST/openurl?u.ignore_date_coverage=true&amp;rft.mms_id=991036796347403811</subfield><subfield code='e'>Elsevier ScienceDirect AutoLoad</subfield><subfield code='g'> Available from 1979 volume: 1 issue: 1.</subfield><subfield code='c'>Elsevier ScienceDirect Journals Complete</subfield><subfield code='h'>613840000000000010</subfield><subfield code='8'>53364542840003811</subfield></datafield></record>