
<record xmlns='http://www.loc.gov/MARC21/slim'><leader>02134nas  2200577 a 4500</leader><controlfield tag='001'>991036796375403811</controlfield><controlfield tag='005'>20180214134703.0</controlfield><controlfield tag='006'>m     o  d        </controlfield><controlfield tag='007'>cr cn|</controlfield><controlfield tag='008'>980604c19899999nyumx pso     0   a0eng c</controlfield><datafield ind1=' ' ind2=' ' tag='010'><subfield code='a'>  2001242159</subfield></datafield><datafield ind1='7' ind2=' ' tag='016'><subfield code='a'>1499759 9</subfield><subfield code='2'>DE-600</subfield></datafield><datafield ind1=' ' ind2=' ' tag='022'><subfield code='a'>1879-2677</subfield></datafield><datafield ind1=' ' ind2=' ' tag='035'><subfield code='a'>(OCoLC)39224664</subfield></datafield><datafield ind1=' ' ind2=' ' tag='035'><subfield code='a'>(CKB)954926241476</subfield></datafield><datafield ind1=' ' ind2=' ' tag='035'><subfield code='a'>(CONSER)  2001242159</subfield></datafield><datafield ind1=' ' ind2=' ' tag='035'><subfield code='a'>(DE-599)ZDB1499759 9</subfield></datafield><datafield ind1=' ' ind2=' ' tag='035'><subfield code='a'>(EXLCZ)99954926241476</subfield></datafield><datafield ind1=' ' ind2=' ' tag='042'><subfield code='a'>pcc</subfield></datafield><datafield ind1='1' ind2='4' tag='050'><subfield code='a'>TA1632</subfield><subfield code='b'>.S583</subfield></datafield><datafield ind1='0' ind2=' ' tag='130'><subfield code='a'>Signal processing.</subfield><subfield code='p'>Image communication (Online)</subfield></datafield><datafield ind1=' ' ind2=' ' tag='210'><subfield code='a'>SIGNAL PROCESS-IMAGE</subfield></datafield><datafield ind1=' ' ind2=' ' tag='210'><subfield code='a'>SIGNAL PROCESSING</subfield></datafield><datafield ind1=' ' ind2=' ' tag='210'><subfield code='a'>SIGNAL PROCESS IMAGE</subfield></datafield><datafield ind1=' ' ind2=' ' tag='210'><subfield code='a'>SIGNAL PROCESS IMAGE COMMUN</subfield></datafield><datafield ind1=' ' ind2=' ' tag='210'><subfield code='a'>SIG PROC IM</subfield></datafield><datafield ind1='0' ind2=' ' tag='210'><subfield code='a'>Signal process., Image commun.</subfield></datafield><datafield ind1='0' ind2=' ' tag='210'><subfield code='a'>Signal process., Image commun.</subfield><subfield code='b'>(Online)</subfield></datafield><datafield ind1=' ' ind2=' ' tag='210'><subfield code='a'>IMAGE</subfield></datafield><datafield ind1=' ' ind2=' ' tag='210'><subfield code='a'>SIGNAL PROCESS.-IMAGE COMMUN</subfield></datafield><datafield ind1=' ' ind2='0' tag='222'><subfield code='a'>Signal processing. Image communication</subfield><subfield code='b'>(Online)</subfield></datafield><datafield ind1='1' ind2='0' tag='245'><subfield code='a'>Signal processing.</subfield><subfield code='p'>Image communication</subfield><subfield code='h'>[electronic resource].</subfield></datafield><datafield ind1='3' ind2='0' tag='246'><subfield code='a'>Image communication</subfield></datafield><datafield ind1=' ' ind2=' ' tag='246'><subfield code='a'>Signal Processing: Image Communication</subfield></datafield><datafield ind1=' ' ind2=' ' tag='260'><subfield code='a'>New York, NY :</subfield><subfield code='b'>Elsevier Science Pub. Co.</subfield></datafield><datafield ind1=' ' ind2=' ' tag='310'><subfield code='a'>Ten no. a year</subfield></datafield><datafield ind1='1' ind2=' ' tag='362'><subfield code='a'>Print began with vol. 1, no. 1 (June 1989).</subfield></datafield><datafield ind1=' ' ind2=' ' tag='538'><subfield code='a'>Mode of access: World Wide Web.</subfield></datafield><datafield ind1=' ' ind2=' ' tag='550'><subfield code='a'>Publication of the European Association for Signal Processing (EURASIP).</subfield></datafield><datafield ind1=' ' ind2=' ' tag='588'><subfield code='a'>Description based on: Vol. 6, issue 6 (Feb. 1995); title from general information screen (viewed Aug. 7, 2001).</subfield></datafield><datafield ind1=' ' ind2=' ' tag='588'><subfield code='a'>Latest issue consulted: Vol. 16, issue 10 (Aug. 2001).</subfield></datafield><datafield ind1=' ' ind2=' ' tag='500'><subfield code='a'>Refereed/Peer-reviewed</subfield></datafield><datafield ind1=' ' ind2='0' tag='650'><subfield code='a'>Imaging systems</subfield><subfield code='v'>Periodicals.</subfield></datafield><datafield ind1=' ' ind2='0' tag='650'><subfield code='a'>Image processing</subfield><subfield code='v'>Periodicals.</subfield></datafield><datafield ind1=' ' ind2='6' tag='650'><subfield code='a'>Imagerie (Technique)</subfield><subfield code='v'>Périodiques.</subfield></datafield><datafield ind1=' ' ind2='6' tag='650'><subfield code='a'>Traitement d&apos;images</subfield><subfield code='x'>Périodiques.</subfield></datafield><datafield ind1=' ' ind2='7' tag='650'><subfield code='a'>Image processing.</subfield><subfield code='2'>fast</subfield><subfield code='0'>(OCoLC)fst00967501</subfield></datafield><datafield ind1=' ' ind2='7' tag='650'><subfield code='a'>Imaging systems.</subfield><subfield code='2'>fast</subfield><subfield code='0'>(OCoLC)fst00967605</subfield></datafield><datafield ind1=' ' ind2='7' tag='655'><subfield code='a'>Periodicals.</subfield><subfield code='2'>fast</subfield><subfield code='0'>(OCoLC)fst01411641</subfield></datafield><datafield ind1='2' ind2=' ' tag='710'><subfield code='a'>European Association for Signal Processing.</subfield></datafield><datafield ind1=' ' ind2=' ' tag='776'><subfield code='x'>0923-5965</subfield></datafield><datafield ind1=' ' ind2=' ' tag='906'><subfield code='a'>JOURNAL</subfield></datafield><datafield ind1=' ' ind2=' ' tag='PRT'><subfield code='a'>53364528150003811</subfield><subfield code='b'>https://sandbox01-na.alma.exlibrisgroup.com/view/uresolver/01TULI_INST/openurl?u.ignore_date_coverage=true&amp;rft.mms_id=991036796375403811</subfield><subfield code='e'>Elsevier ScienceDirect AutoLoad</subfield><subfield code='g'> Available from 1989 volume: 1 issue: 1.</subfield><subfield code='c'>Elsevier ScienceDirect Journals Complete</subfield><subfield code='h'>613840000000000010</subfield><subfield code='8'>53364528150003811</subfield></datafield></record>