
<record xmlns='http://www.loc.gov/MARC21/slim'><leader>01208nam a2200373 a 4500</leader><controlfield tag='005'>20170825175525.0</controlfield><controlfield tag='008'>910503s1987    nyua     b    00110 eng  </controlfield><controlfield tag='001'>991027680999703811</controlfield><datafield ind1=' ' ind2=' ' tag='010'><subfield code='a'>86032585</subfield></datafield><datafield ind1=' ' ind2=' ' tag='020'><subfield code='a'>0442264763</subfield></datafield><datafield ind1=' ' ind2=' ' tag='035'><subfield code='a'>(PPT)b1570824x-01tuli_inst</subfield></datafield><datafield ind1=' ' ind2=' ' tag='035'><subfield code='a'>ocn472042523</subfield><subfield code='9'>ExL</subfield></datafield><datafield ind1=' ' ind2=' ' tag='035'><subfield code='a'>PATG91-B09888</subfield></datafield><datafield ind1=' ' ind2=' ' tag='035'><subfield code='a'>ocm15053044</subfield></datafield><datafield ind1=' ' ind2=' ' tag='035'><subfield code='a'>(OCLC)ocm15053044</subfield></datafield><datafield ind1=' ' ind2=' ' tag='079'><subfield code='a'>ocm15053044</subfield></datafield><datafield ind1=' ' ind2=' ' tag='090'><subfield code='a'>TK5102.5.M645 1987</subfield></datafield><datafield ind1='1' ind2='0' tag='100'><subfield code='a'>Mohanty, Nirode.</subfield></datafield><datafield ind1='1' ind2='0' tag='245'><subfield code='a'>Signal processing :</subfield><subfield code='b'>signals, filtering, and detection /</subfield><subfield code='c'>Nirode C. Mohanty.</subfield></datafield><datafield ind1=' ' ind2=' ' tag='260'><subfield code='a'>New York :</subfield><subfield code='b'>Van Nostrand Reinhold,</subfield><subfield code='c'>c1987.</subfield></datafield><datafield ind1=' ' ind2=' ' tag='300'><subfield code='a'>viii, 664 p. :</subfield><subfield code='b'>ill. ;</subfield><subfield code='c'>24 cm.</subfield></datafield><datafield ind1=' ' ind2='0' tag='440'><subfield code='a'>Van Nostrand Reinhold electrical/computer science and engineering series</subfield></datafield><datafield ind1=' ' ind2=' ' tag='500'><subfield code='a'>Includes index.</subfield></datafield><datafield ind1=' ' ind2=' ' tag='504'><subfield code='a'>Bibliography: p. 649-654.</subfield></datafield><datafield ind1=' ' ind2='0' tag='650'><subfield code='a'>Signal processing.</subfield></datafield><datafield ind1=' ' ind2=' ' tag='902'><subfield code='a'>091207</subfield></datafield><datafield ind1=' ' ind2=' ' tag='907'><subfield code='a'>.b1570824x</subfield><subfield code='b'>k    </subfield><subfield code='c'>-</subfield></datafield><datafield ind1=' ' ind2=' ' tag='935'><subfield code='a'>00625056</subfield></datafield><datafield ind1=' ' ind2=' ' tag='945'><subfield code='l'>kstk </subfield><subfield code='g'>1</subfield></datafield><datafield ind1=' ' ind2=' ' tag='950'><subfield code='l'>TECH</subfield><subfield code='i'>05/03/91 N  775:SL</subfield></datafield><datafield ind1=' ' ind2=' ' tag='955'><subfield code='l'>TECH</subfield><subfield code='c'>0</subfield><subfield code='r'>39074007793516</subfield><subfield code='i'>05/03/91 C</subfield></datafield><datafield ind1=' ' ind2=' ' tag='979'><subfield code='a'>ocm15053044</subfield></datafield><datafield ind1=' ' ind2=' ' tag='998'><subfield code='b'>1</subfield><subfield code='c'>990101</subfield><subfield code='d'>m</subfield><subfield code='e'>a</subfield><subfield code='f'>-</subfield><subfield code='g'>0</subfield></datafield><datafield ind1=' ' ind2=' ' tag='998'><subfield code='a'>05/03/91</subfield><subfield code='t'>c</subfield><subfield code='s'>9110</subfield><subfield code='n'>PPT</subfield><subfield code='w'>DCLC8632585B</subfield><subfield code='d'>05/03/91</subfield><subfield code='c'>MFK</subfield><subfield code='b'>MK</subfield><subfield code='i'>910503</subfield><subfield code='l'>PATG</subfield></datafield><datafield ind1=' ' ind2=' ' tag='ADM'><subfield code='b'>2017-08-25 21:55:25</subfield><subfield code='e'>b1570824x-01tuli_inst</subfield><subfield code='d'>ILS</subfield><subfield code='a'>2017-06-20 06:29:44</subfield><subfield code='c'>false</subfield></datafield><datafield ind1='0' ind2=' ' tag='HLD'><subfield code='b'>KARDON</subfield><subfield code='c'>p_remote</subfield><subfield code='h'>TK5102.5.M645 1987</subfield><subfield code='8'>22248801160003811</subfield></datafield><datafield ind1=' ' ind2=' ' tag='ITM'><subfield code='r'>22248801160003811</subfield><subfield code='b'>1</subfield><subfield code='h'>0</subfield><subfield code='g'>p_remote</subfield><subfield code='t'>BOOK</subfield><subfield code='9'>39074007793516</subfield><subfield code='e'>p_remote</subfield><subfield code='8'>23248801150003811</subfield><subfield code='a'>0</subfield><subfield code='q'>2017-06-20 06:29:44</subfield><subfield code='i'>TK5102.5.M645 1987</subfield><subfield code='d'>KARDON</subfield><subfield code='f'>KARDON</subfield></datafield></record>