
<record xmlns='http://www.loc.gov/MARC21/slim'><leader>01154nam a22003610  4500</leader><controlfield tag='005'>20180315194557.0</controlfield><controlfield tag='008'>900504s1988    nyua     b    00110 eng  </controlfield><controlfield tag='001'>991026345439703811</controlfield><datafield ind1=' ' ind2=' ' tag='010'><subfield code='a'>87016619</subfield></datafield><datafield ind1=' ' ind2=' ' tag='020'><subfield code='a'>0070097518 :</subfield><subfield code='c'>48.95</subfield></datafield><datafield ind1=' ' ind2=' ' tag='035'><subfield code='a'>(PPT)b15439902-01tuli_inst</subfield></datafield><datafield ind1=' ' ind2=' ' tag='035'><subfield code='a'>ocn471950152</subfield><subfield code='9'>ExL</subfield></datafield><datafield ind1=' ' ind2=' ' tag='035'><subfield code='a'>PATG90-B12146</subfield></datafield><datafield ind1=' ' ind2=' ' tag='035'><subfield code='a'>ocm16277419</subfield></datafield><datafield ind1=' ' ind2=' ' tag='035'><subfield code='a'>(OCLC)ocm16277419</subfield></datafield><datafield ind1=' ' ind2=' ' tag='079'><subfield code='a'>ocm16277419</subfield></datafield><datafield ind1=' ' ind2=' ' tag='090'><subfield code='a'>TK5102.5.C27 1988</subfield></datafield><datafield ind1='1' ind2='0' tag='100'><subfield code='a'>Candy, James V.</subfield></datafield><datafield ind1='1' ind2='0' tag='245'><subfield code='a'>Signal processing :</subfield><subfield code='b'>the modern approach /</subfield><subfield code='c'>James V. Candy.</subfield></datafield><datafield ind1=' ' ind2=' ' tag='260'><subfield code='a'>New York :</subfield><subfield code='b'>McGraw-Hill,</subfield><subfield code='c'>c1988.</subfield></datafield><datafield ind1=' ' ind2=' ' tag='300'><subfield code='a'>xiv, 386 p. :</subfield><subfield code='b'>ill. ;</subfield><subfield code='c'>25 cm.</subfield></datafield><datafield ind1=' ' ind2='0' tag='440'><subfield code='a'>McGraw-Hill series in electrical engineering.</subfield><subfield code='p'>Communications and signal processing</subfield></datafield><datafield ind1=' ' ind2=' ' tag='504'><subfield code='a'>Includes bibliographies and index.</subfield></datafield><datafield ind1=' ' ind2='0' tag='650'><subfield code='a'>Signal processing.</subfield></datafield><datafield ind1=' ' ind2=' ' tag='902'><subfield code='a'>160520</subfield></datafield><datafield ind1=' ' ind2=' ' tag='907'><subfield code='a'>.b15439902</subfield><subfield code='b'>k    </subfield><subfield code='c'>-</subfield></datafield><datafield ind1=' ' ind2=' ' tag='935'><subfield code='a'>00586670</subfield></datafield><datafield ind1=' ' ind2=' ' tag='945'><subfield code='l'>kstk </subfield><subfield code='g'>1</subfield></datafield><datafield ind1=' ' ind2=' ' tag='950'><subfield code='l'>TECH</subfield><subfield code='i'>05/04/90 N  775:SL</subfield></datafield><datafield ind1=' ' ind2=' ' tag='955'><subfield code='l'>TECH</subfield><subfield code='c'>0</subfield><subfield code='i'>05/04/90 C</subfield></datafield><datafield ind1=' ' ind2=' ' tag='979'><subfield code='a'>ocm16277419</subfield></datafield><datafield ind1=' ' ind2=' ' tag='998'><subfield code='b'>1</subfield><subfield code='c'>990101</subfield><subfield code='d'>m</subfield><subfield code='e'>a</subfield><subfield code='f'>-</subfield><subfield code='g'>0</subfield></datafield><datafield ind1=' ' ind2=' ' tag='998'><subfield code='a'>05/04/90</subfield><subfield code='t'>c</subfield><subfield code='s'>9110</subfield><subfield code='n'>PPT</subfield><subfield code='w'>NYCG88B34799</subfield><subfield code='d'>05/04/90</subfield><subfield code='b'>RF</subfield><subfield code='i'>900504</subfield><subfield code='l'>PATG</subfield></datafield><datafield ind1=' ' ind2=' ' tag='ADM'><subfield code='b'>2018-03-15 23:45:57</subfield><subfield code='e'>b15439902-01tuli_inst</subfield><subfield code='d'>ILS</subfield><subfield code='a'>2017-06-20 06:55:21</subfield><subfield code='c'>false</subfield></datafield><datafield ind1='0' ind2=' ' tag='HLD'><subfield code='b'>KARDON</subfield><subfield code='c'>p_remote</subfield><subfield code='h'>TK5102.5.C27 1988</subfield><subfield code='8'>22257238640003811</subfield></datafield><datafield ind1=' ' ind2=' ' tag='ITM'><subfield code='r'>22257238640003811</subfield><subfield code='b'>1</subfield><subfield code='h'>0</subfield><subfield code='g'>p_remote</subfield><subfield code='t'>BOOK</subfield><subfield code='9'>39074007353907</subfield><subfield code='e'>p_remote</subfield><subfield code='8'>23257238630003811</subfield><subfield code='a'>0</subfield><subfield code='q'>2017-06-20 06:55:21</subfield><subfield code='i'>TK5102.5.C27 1988</subfield><subfield code='d'>KARDON</subfield><subfield code='f'>KARDON</subfield></datafield></record>