
<record xmlns='http://www.loc.gov/MARC21/slim'><leader>01098nam a22003610  4500</leader><controlfield tag='005'>20180315193530.0</controlfield><controlfield tag='008'>890306s1988    enka          00110 eng d</controlfield><controlfield tag='001'>991024504189703811</controlfield><datafield ind1=' ' ind2=' ' tag='010'><subfield code='a'>GB 87027631</subfield></datafield><datafield ind1=' ' ind2=' ' tag='020'><subfield code='a'>0713135646 (pbk) :</subfield><subfield code='c'>£12.50</subfield></datafield><datafield ind1=' ' ind2=' ' tag='035'><subfield code='a'>(PPT)b15074870-01tuli_inst</subfield></datafield><datafield ind1=' ' ind2=' ' tag='035'><subfield code='a'>ocn471613912</subfield><subfield code='9'>ExL</subfield></datafield><datafield ind1=' ' ind2=' ' tag='035'><subfield code='a'>PATG89-B03373</subfield></datafield><datafield ind1=' ' ind2=' ' tag='035'><subfield code='a'>ocm20633604</subfield></datafield><datafield ind1=' ' ind2=' ' tag='035'><subfield code='a'>(OCLC)ocm20633604</subfield></datafield><datafield ind1=' ' ind2=' ' tag='040'><subfield code='a'>Uk</subfield><subfield code='c'>Uk</subfield><subfield code='d'>DLC</subfield><subfield code='d'>CStRLIN</subfield><subfield code='d'>MiU</subfield></datafield><datafield ind1=' ' ind2=' ' tag='079'><subfield code='a'>ocm20633604</subfield></datafield><datafield ind1=' ' ind2=' ' tag='090'><subfield code='a'>TK5102.5.S536x 1988</subfield></datafield><datafield ind1='1' ind2='0' tag='100'><subfield code='a'>Brook, D.</subfield></datafield><datafield ind1='1' ind2='0' tag='245'><subfield code='a'>Signal processing :</subfield><subfield code='b'>principles and applications /</subfield><subfield code='c'>D. Brook and R.J. Wynne.</subfield></datafield><datafield ind1=' ' ind2=' ' tag='260'><subfield code='a'>London :</subfield><subfield code='b'>Edward Arnold,</subfield><subfield code='c'>1988.</subfield></datafield><datafield ind1=' ' ind2=' ' tag='300'><subfield code='a'>ix, 308 p.</subfield><subfield code='c'>25 cm.</subfield></datafield><datafield ind1=' ' ind2=' ' tag='500'><subfield code='a'>Includes index.</subfield></datafield><datafield ind1=' ' ind2='0' tag='650'><subfield code='a'>Signal processing.</subfield></datafield><datafield ind1='1' ind2='0' tag='700'><subfield code='a'>Wynne, R. J.</subfield></datafield><datafield ind1=' ' ind2=' ' tag='907'><subfield code='a'>.b15074870</subfield><subfield code='b'>p    </subfield><subfield code='c'>-</subfield></datafield><datafield ind1=' ' ind2=' ' tag='935'><subfield code='a'>00547703</subfield></datafield><datafield ind1=' ' ind2=' ' tag='945'><subfield code='l'>pstk </subfield><subfield code='g'>1</subfield></datafield><datafield ind1=' ' ind2=' ' tag='950'><subfield code='l'>TECH</subfield><subfield code='i'>03/06/89 N  775:SL</subfield></datafield><datafield ind1=' ' ind2=' ' tag='955'><subfield code='l'>TECH</subfield><subfield code='c'>0</subfield><subfield code='i'>03/06/89 C</subfield></datafield><datafield ind1=' ' ind2=' ' tag='979'><subfield code='a'>ocm20633604</subfield></datafield><datafield ind1=' ' ind2=' ' tag='998'><subfield code='b'>1</subfield><subfield code='c'>990101</subfield><subfield code='d'>m</subfield><subfield code='e'>a</subfield><subfield code='f'>-</subfield><subfield code='g'>0</subfield></datafield><datafield ind1=' ' ind2=' ' tag='998'><subfield code='a'>03/06/89</subfield><subfield code='t'>c</subfield><subfield code='s'>9112</subfield><subfield code='n'>PPT</subfield><subfield code='w'>MIUG89B3104</subfield><subfield code='d'>03/06/89</subfield><subfield code='c'>SN</subfield><subfield code='b'>AT</subfield><subfield code='i'>890306</subfield><subfield code='l'>PATG</subfield></datafield><datafield ind1=' ' ind2=' ' tag='ADM'><subfield code='b'>2018-03-15 23:35:30</subfield><subfield code='e'>b15074870-01tuli_inst</subfield><subfield code='d'>ILS</subfield><subfield code='a'>2017-06-20 11:46:20</subfield><subfield code='c'>false</subfield></datafield><datafield ind1='0' ind2=' ' tag='HLD'><subfield code='b'>MAIN</subfield><subfield code='c'>stacks</subfield><subfield code='h'>TK5102.5.S536x 1988</subfield><subfield code='8'>22313610010003811</subfield></datafield><datafield ind1=' ' ind2=' ' tag='ITM'><subfield code='r'>22313610010003811</subfield><subfield code='b'>1</subfield><subfield code='h'>0</subfield><subfield code='g'>stacks</subfield><subfield code='t'>BOOK</subfield><subfield code='9'>39074006656334</subfield><subfield code='e'>stacks</subfield><subfield code='8'>23313630000003811</subfield><subfield code='a'>0</subfield><subfield code='q'>2017-06-20 11:46:20</subfield><subfield code='i'>TK5102.5.S536x 1988</subfield><subfield code='d'>MAIN</subfield><subfield code='f'>MAIN</subfield></datafield></record>