
<record xmlns='http://www.loc.gov/MARC21/slim'><leader>01191cam a22003730  4500</leader><controlfield tag='005'>20180315184433.0</controlfield><controlfield tag='008'>860128s1986    nyua     b    00110 eng  </controlfield><controlfield tag='001'>991016879799703811</controlfield><datafield ind1=' ' ind2=' ' tag='010'><subfield code='a'>85000056</subfield></datafield><datafield ind1=' ' ind2=' ' tag='020'><subfield code='a'>0070097259</subfield></datafield><datafield ind1=' ' ind2=' ' tag='035'><subfield code='a'>(PPT)b13437835-01tuli_inst</subfield></datafield><datafield ind1=' ' ind2=' ' tag='035'><subfield code='a'>ocn471317293</subfield><subfield code='9'>ExL</subfield></datafield><datafield ind1=' ' ind2=' ' tag='035'><subfield code='a'>PATG86-B03275</subfield></datafield><datafield ind1=' ' ind2=' ' tag='035'><subfield code='a'>ocm11650088</subfield></datafield><datafield ind1=' ' ind2=' ' tag='035'><subfield code='a'>(OCLC)ocm11650088</subfield></datafield><datafield ind1=' ' ind2=' ' tag='040'><subfield code='d'>CStRLIN</subfield></datafield><datafield ind1=' ' ind2=' ' tag='079'><subfield code='a'>ocm11650088</subfield></datafield><datafield ind1=' ' ind2=' ' tag='090'><subfield code='a'>TK5102.5.C27 1986</subfield></datafield><datafield ind1='1' ind2='0' tag='100'><subfield code='a'>Candy, James V.</subfield></datafield><datafield ind1='1' ind2='0' tag='245'><subfield code='a'>Signal processing :</subfield><subfield code='b'>the model-based approach /</subfield><subfield code='c'>James V. Candy.</subfield></datafield><datafield ind1=' ' ind2=' ' tag='260'><subfield code='a'>New York :</subfield><subfield code='b'>McGraw-Hill,</subfield><subfield code='c'>c1986.</subfield></datafield><datafield ind1=' ' ind2=' ' tag='300'><subfield code='a'>xv, 240 p. :</subfield><subfield code='b'>ill. ;</subfield><subfield code='c'>25 cm.</subfield></datafield><datafield ind1=' ' ind2='0' tag='440'><subfield code='a'>McGraw-Hill series in electrical engineering.</subfield><subfield code='p'>Communications and signal processing</subfield></datafield><datafield ind1=' ' ind2=' ' tag='504'><subfield code='a'>Includes bibliographies and index.</subfield></datafield><datafield ind1=' ' ind2='0' tag='650'><subfield code='a'>Signal processing</subfield><subfield code='x'>Digital techniques.</subfield></datafield><datafield ind1=' ' ind2=' ' tag='902'><subfield code='a'>160520</subfield></datafield><datafield ind1=' ' ind2=' ' tag='907'><subfield code='a'>.b13437835</subfield><subfield code='b'>p    </subfield><subfield code='c'>-</subfield></datafield><datafield ind1=' ' ind2=' ' tag='935'><subfield code='a'>00364659</subfield></datafield><datafield ind1=' ' ind2=' ' tag='945'><subfield code='l'>pstk </subfield><subfield code='g'>1</subfield></datafield><datafield ind1=' ' ind2=' ' tag='950'><subfield code='l'>TECH</subfield><subfield code='i'>04/07/86 C</subfield></datafield><datafield ind1=' ' ind2=' ' tag='955'><subfield code='l'>TECH</subfield><subfield code='q'>86-B3275-1</subfield><subfield code='i'>04/07/86 C</subfield></datafield><datafield ind1=' ' ind2=' ' tag='979'><subfield code='a'>ocm11650088</subfield></datafield><datafield ind1=' ' ind2=' ' tag='998'><subfield code='b'>1</subfield><subfield code='c'>990101</subfield><subfield code='d'>m</subfield><subfield code='e'>a</subfield><subfield code='f'>-</subfield><subfield code='g'>0</subfield></datafield><datafield ind1=' ' ind2=' ' tag='998'><subfield code='a'>04/07/86</subfield><subfield code='t'>b</subfield><subfield code='s'>9110</subfield><subfield code='n'>PPT</subfield><subfield code='w'>DCLC8556B</subfield><subfield code='d'>01/28/86</subfield><subfield code='b'>SS</subfield><subfield code='i'>860407</subfield><subfield code='l'>PATG</subfield></datafield><datafield ind1=' ' ind2=' ' tag='ADM'><subfield code='b'>2018-03-15 22:44:33</subfield><subfield code='e'>b13437835-01tuli_inst</subfield><subfield code='d'>ILS</subfield><subfield code='a'>2017-06-20 08:57:41</subfield><subfield code='c'>false</subfield></datafield><datafield ind1='0' ind2=' ' tag='HLD'><subfield code='b'>MAIN</subfield><subfield code='c'>stacks</subfield><subfield code='h'>TK5102.5.C27 1986</subfield><subfield code='8'>22288931710003811</subfield></datafield><datafield ind1=' ' ind2=' ' tag='ITM'><subfield code='r'>22288931710003811</subfield><subfield code='b'>1</subfield><subfield code='h'>0</subfield><subfield code='g'>stacks</subfield><subfield code='t'>BOOK</subfield><subfield code='9'>39074002880771</subfield><subfield code='e'>stacks</subfield><subfield code='8'>23288931690003811</subfield><subfield code='a'>0</subfield><subfield code='q'>2017-06-20 08:57:41</subfield><subfield code='i'>TK5102.5.C27 1986</subfield><subfield code='d'>MAIN</subfield><subfield code='f'>MAIN</subfield></datafield></record>