
<record xmlns='http://www.loc.gov/MARC21/slim'><leader>01626nam  2200361 i 4500</leader><controlfield tag='001'>991036749563703811</controlfield><controlfield tag='005'>20170822104946.0</controlfield><controlfield tag='006'>m     o  d |      </controlfield><controlfield tag='007'>cr -n---------</controlfield><controlfield tag='008'>140718t20152015fluad   ob    001 0 eng|d</controlfield><datafield ind1=' ' ind2=' ' tag='020'><subfield code='a'>1-4822-4185-4</subfield></datafield><datafield ind1=' ' ind2=' ' tag='035'><subfield code='a'>(CKB)2670000000567680</subfield></datafield><datafield ind1=' ' ind2=' ' tag='035'><subfield code='a'>(EBL)1718098</subfield></datafield><datafield ind1=' ' ind2=' ' tag='035'><subfield code='a'>(SSID)ssj0001368789</subfield></datafield><datafield ind1=' ' ind2=' ' tag='035'><subfield code='a'>(PQKBManifestationID)11710371</subfield></datafield><datafield ind1=' ' ind2=' ' tag='035'><subfield code='a'>(PQKBTitleCode)TC0001368789</subfield></datafield><datafield ind1=' ' ind2=' ' tag='035'><subfield code='a'>(PQKBWorkID)11279907</subfield></datafield><datafield ind1=' ' ind2=' ' tag='035'><subfield code='a'>(PQKB)11040146</subfield></datafield><datafield ind1=' ' ind2=' ' tag='035'><subfield code='a'>(MiAaPQ)EBC1718098</subfield></datafield><datafield ind1=' ' ind2=' ' tag='035'><subfield code='a'>(EXLCZ)992670000000567680</subfield></datafield><datafield ind1=' ' ind2=' ' tag='040'><subfield code='a'>MiAaPQ</subfield><subfield code='b'>eng</subfield><subfield code='e'>rda</subfield><subfield code='e'>pn</subfield><subfield code='c'>MiAaPQ</subfield><subfield code='d'>MiAaPQ</subfield></datafield><datafield ind1=' ' ind2=' ' tag='041'><subfield code='a'>eng</subfield></datafield><datafield ind1=' ' ind2='4' tag='050'><subfield code='a'>TK5102.9</subfield><subfield code='b'>.B96 2015</subfield></datafield><datafield ind1='0' ind2='0' tag='082'><subfield code='a'>621.38220151</subfield></datafield><datafield ind1='1' ind2=' ' tag='100'><subfield code='a'>Byrne, Charles L.,</subfield><subfield code='d'>1947-</subfield><subfield code='e'>author.</subfield></datafield><datafield ind1='1' ind2='0' tag='245'><subfield code='a'>Signal processing :</subfield><subfield code='b'>a mathematical approach /</subfield><subfield code='c'>Charles L. Byrne, Department of Mathematical Sciences, University of Massachusetts Lowell.</subfield></datafield><datafield ind1=' ' ind2=' ' tag='250'><subfield code='a'>2nd ed.</subfield></datafield><datafield ind1=' ' ind2='1' tag='264'><subfield code='a'>Boca Raton :</subfield><subfield code='b'>CRC Press, Taylor &amp; Francis Group,</subfield><subfield code='c'>[2015]</subfield></datafield><datafield ind1=' ' ind2='4' tag='264'><subfield code='c'>©2015</subfield></datafield><datafield ind1=' ' ind2=' ' tag='300'><subfield code='a'>1 online resource (436 p.)</subfield></datafield><datafield ind1=' ' ind2=' ' tag='336'><subfield code='a'>text</subfield><subfield code='b'>txt</subfield></datafield><datafield ind1=' ' ind2=' ' tag='337'><subfield code='a'>computer</subfield><subfield code='b'>c</subfield></datafield><datafield ind1=' ' ind2=' ' tag='338'><subfield code='a'>online resource</subfield><subfield code='b'>cr</subfield></datafield><datafield ind1='1' ind2=' ' tag='490'><subfield code='a'>Monographs and research notes in mathematics</subfield></datafield><datafield ind1=' ' ind2=' ' tag='500'><subfield code='a'>Description based upon print version of record.</subfield></datafield><datafield ind1='0' ind2=' ' tag='505'><subfield code='a'>Front Cover; Signal Processing: A Mathematical Approach, Second Edition; MONOGRAPHS AND RESEARCH NOTES IN MATHEMATICS; Dedication; Contents; Preface; Chapter 1 Introduction; Chapter 2 Fourier Series and Fourier Transforms; Chapter 3 Remote Sensing; Chapter 4 Finite-Parameter Models; Chapter 5 Transmission and Remote Sensing; Chapter 6 The Fourier Transform and Convolution Filtering; Chapter 7 Infinite Sequences and Discrete Filters; Chapter 8 Convolution and the Vector DFT; Chapter 9 Plane-Wave Propagation; Chapter 10 The Phase Problem; Chapter 11 Transmission Tomography</subfield></datafield><datafield ind1='8' ind2=' ' tag='505'><subfield code='a'>Chapter 12 Random SequencesChapter 13 Nonlinear Methods; Chapter 14 Discrete Entropy Maximization; Chapter 15 Analysis and Synthesis; Chapter 16 Wavelets; Chapter 17 The BLUE and the Kalman Filter; Chapter 18 Signal Detection and Estimation; Chapter 19 Inner Products; Chapter 20 Wiener Filtering; Chapter 21 Matrix Theory; Chapter 22 Compressed Sensing; Chapter 23 Probability; Chapter 24 Using the Wave Equation; Chapter 25 Reconstruction in Hilbert Space; Chapter 26 Some Theory of Fourier Analysis; Chapter 27 Reverberation and Echo Cancellation; Bibliography; Back Cover</subfield></datafield><datafield ind1=' ' ind2=' ' tag='520'><subfield code='a'>Signal Processing: A Mathematical Approach is designed to show how many of the mathematical tools the reader knows can be used to understand and employ signal processing techniques in an applied environment. Assuming an advanced undergraduate- or graduate-level understanding of mathematics-including familiarity with Fourier series, matrices, probability, and statistics-this Second Edition: Contains new chapters on convolution and the vector DFT, plane-wave propagation, and the BLUE and Kalman filtersExpands the material on Fourier analysis to three new chapters to provide additional background</subfield></datafield><datafield ind1=' ' ind2=' ' tag='546'><subfield code='a'>English</subfield></datafield><datafield ind1=' ' ind2=' ' tag='504'><subfield code='a'>Includes bibliographical references and index.</subfield></datafield><datafield ind1=' ' ind2=' ' tag='588'><subfield code='a'>Description based on print version record.</subfield></datafield><datafield ind1=' ' ind2='0' tag='650'><subfield code='a'>Signal processing</subfield><subfield code='x'>Mathematics.</subfield></datafield><datafield ind1=' ' ind2='4' tag='655'><subfield code='a'>Electronic books.</subfield></datafield><datafield ind1=' ' ind2=' ' tag='776'><subfield code='z'>1-4398-6567-1</subfield></datafield><datafield ind1=' ' ind2=' ' tag='776'><subfield code='z'>1-322-63845-4</subfield></datafield><datafield ind1=' ' ind2=' ' tag='776'><subfield code='z'>1-4822-4184-6</subfield></datafield><datafield ind1=' ' ind2='0' tag='830'><subfield code='a'>Monographs and Research Notes in Mathematics</subfield></datafield><datafield ind1=' ' ind2=' ' tag='906'><subfield code='a'>BOOK</subfield></datafield><datafield ind1=' ' ind2=' ' tag='ADM'><subfield code='b'>2018-01-16 05:28:45</subfield><subfield code='e'>992670000000567680</subfield><subfield code='d'>NON_SFX</subfield><subfield code='f'>20160803134623.0</subfield><subfield code='a'>2014-09-07 00:13:59</subfield><subfield code='c'>false</subfield></datafield><datafield ind1=' ' ind2=' ' tag='PRT'><subfield code='a'>53353637970003811</subfield><subfield code='b'>https://sandbox01-na.alma.exlibrisgroup.com/view/uresolver/01TULI_INST/openurl?u.ignore_date_coverage=true&amp;rft.mms_id=991036749563703811</subfield><subfield code='e'>CRC_NETBASE</subfield><subfield code='9'>Available</subfield><subfield code='c'>ENGnetBASE</subfield><subfield code='h'>61111082146981000</subfield><subfield code='8'>53353637970003811</subfield></datafield><datafield ind1=' ' ind2=' ' tag='PRT'><subfield code='a'>53354527830003811</subfield><subfield code='b'>https://sandbox01-na.alma.exlibrisgroup.com/view/uresolver/01TULI_INST/openurl?u.ignore_date_coverage=true&amp;rft.mms_id=991036749563703811</subfield><subfield code='e'>CRC_NETBASE</subfield><subfield code='9'>Available</subfield><subfield code='c'>ElectricalEngineeringnetBASE</subfield><subfield code='h'>611000000000001877</subfield><subfield code='8'>53354527830003811</subfield></datafield></record>