
<record xmlns='http://www.loc.gov/MARC21/slim'><leader>01009cam a22003374a 4500</leader><controlfield tag='005'>20170825182727.0</controlfield><controlfield tag='008'>050215s2005    maua     b    001 0 eng  </controlfield><controlfield tag='001'>991011351559703811</controlfield><datafield ind1=' ' ind2=' ' tag='010'><subfield code='a'>2005043170</subfield></datafield><datafield ind1=' ' ind2=' ' tag='020'><subfield code='a'>1568812426</subfield></datafield><datafield ind1=' ' ind2=' ' tag='035'><subfield code='a'>(PPT)b29756479-01tuli_inst</subfield></datafield><datafield ind1=' ' ind2=' ' tag='035'><subfield code='a'>ocn490875766</subfield><subfield code='9'>ExL</subfield></datafield><datafield ind1=' ' ind2=' ' tag='035'><subfield code='a'>PPTb29756479</subfield></datafield><datafield ind1=' ' ind2=' ' tag='035'><subfield code='a'>ocm57754335</subfield></datafield><datafield ind1=' ' ind2=' ' tag='035'><subfield code='a'>(OCLC)ocm57754335</subfield></datafield><datafield ind1=' ' ind2=' ' tag='040'><subfield code='a'>DLC</subfield><subfield code='c'>DLC</subfield><subfield code='d'>DLC</subfield></datafield><datafield ind1=' ' ind2=' ' tag='042'><subfield code='a'>pcc</subfield></datafield><datafield ind1=' ' ind2=' ' tag='079'><subfield code='a'>ocm57754335</subfield></datafield><datafield ind1=' ' ind2=' ' tag='090'><subfield code='a'>TK5102.9</subfield><subfield code='b'>.B96 2005</subfield></datafield><datafield ind1='1' ind2=' ' tag='100'><subfield code='a'>Byrne, Charles L.,</subfield><subfield code='d'>1947-</subfield></datafield><datafield ind1='1' ind2='0' tag='245'><subfield code='a'>Signal processing :</subfield><subfield code='b'>a mathematical approach /</subfield><subfield code='c'>Charles L. Byrne.</subfield></datafield><datafield ind1=' ' ind2=' ' tag='260'><subfield code='a'>Wellesley, Mass. :</subfield><subfield code='b'>A K Peters,</subfield><subfield code='c'>c2005.</subfield></datafield><datafield ind1=' ' ind2=' ' tag='300'><subfield code='a'>xii, 385 p. :</subfield><subfield code='b'>ill. ;</subfield><subfield code='c'>24 cm.</subfield></datafield><datafield ind1=' ' ind2=' ' tag='504'><subfield code='a'>Includes bibliographical references (p. 365-378) and index.</subfield></datafield><datafield ind1=' ' ind2='0' tag='650'><subfield code='a'>Signal processing</subfield><subfield code='x'>Mathematics.</subfield></datafield><datafield ind1=' ' ind2=' ' tag='902'><subfield code='a'>150908</subfield></datafield><datafield ind1=' ' ind2=' ' tag='907'><subfield code='a'>.b29756479</subfield><subfield code='b'>p    </subfield><subfield code='c'>-</subfield></datafield><datafield ind1=' ' ind2=' ' tag='945'><subfield code='l'>pstk </subfield><subfield code='g'>1</subfield></datafield><datafield ind1=' ' ind2=' ' tag='979'><subfield code='a'>ocm57754335</subfield></datafield><datafield ind1=' ' ind2=' ' tag='998'><subfield code='b'>0</subfield><subfield code='c'>060503</subfield><subfield code='d'>m</subfield><subfield code='e'>a</subfield><subfield code='f'>-</subfield><subfield code='g'>0</subfield></datafield><datafield ind1=' ' ind2=' ' tag='998'><subfield code='a'>05/03/06</subfield><subfield code='s'>LC</subfield><subfield code='c'>YL</subfield></datafield><datafield ind1=' ' ind2=' ' tag='ADM'><subfield code='b'>2017-08-25 22:27:28</subfield><subfield code='e'>b29756479-01tuli_inst</subfield><subfield code='d'>ILS</subfield><subfield code='a'>2017-06-20 09:02:25</subfield><subfield code='c'>false</subfield></datafield><datafield ind1='0' ind2=' ' tag='HLD'><subfield code='b'>MAIN</subfield><subfield code='c'>stacks</subfield><subfield code='h'>TK5102.9</subfield><subfield code='i'>.B96 2005</subfield><subfield code='8'>22289984450003811</subfield></datafield><datafield ind1=' ' ind2=' ' tag='ITM'><subfield code='r'>22289984450003811</subfield><subfield code='b'>1</subfield><subfield code='h'>0</subfield><subfield code='g'>stacks</subfield><subfield code='t'>BOOK</subfield><subfield code='9'>39074019248806</subfield><subfield code='e'>stacks</subfield><subfield code='8'>23289984420003811</subfield><subfield code='a'>0</subfield><subfield code='q'>2017-06-20 09:02:25</subfield><subfield code='i'>TK5102.9 .B96 2005</subfield><subfield code='d'>MAIN</subfield><subfield code='f'>MAIN</subfield></datafield></record>