
<record xmlns='http://www.loc.gov/MARC21/slim'><leader>01733cam a2200433 a 4500</leader><controlfield tag='005'>20180315195018.0</controlfield><controlfield tag='008'>910220s1990    nyua     b    00000 eng  </controlfield><controlfield tag='001'>991027364729703811</controlfield><datafield ind1=' ' ind2=' ' tag='010'><subfield code='a'>89026216</subfield></datafield><datafield ind1=' ' ind2=' ' tag='020'><subfield code='a'>0387972153 (alk. paper)</subfield></datafield><datafield ind1=' ' ind2=' ' tag='035'><subfield code='a'>(PPT)b1564487x-01tuli_inst</subfield></datafield><datafield ind1=' ' ind2=' ' tag='035'><subfield code='a'>ocn472030865</subfield><subfield code='9'>ExL</subfield></datafield><datafield ind1=' ' ind2=' ' tag='035'><subfield code='a'>PATG91-B03836</subfield></datafield><datafield ind1=' ' ind2=' ' tag='035'><subfield code='a'>ocm20755494</subfield></datafield><datafield ind1=' ' ind2=' ' tag='035'><subfield code='a'>(OCLC)ocm20755494</subfield></datafield><datafield ind1=' ' ind2=' ' tag='040'><subfield code='a'>DLC</subfield><subfield code='c'>DLC</subfield><subfield code='d'>NjR</subfield><subfield code='d'>CoFS</subfield><subfield code='d'>PPT</subfield></datafield><datafield ind1=' ' ind2=' ' tag='079'><subfield code='a'>ocm20755494</subfield></datafield><datafield ind1=' ' ind2=' ' tag='090'><subfield code='a'>TK5102.5.S535 1990</subfield></datafield><datafield ind1='0' ind2='0' tag='245'><subfield code='a'>Signal processing /</subfield><subfield code='c'>L. Auslander ... [et al.], editors.</subfield></datafield><datafield ind1=' ' ind2=' ' tag='260'><subfield code='a'>New York :</subfield><subfield code='b'>Springer-Verlag,</subfield><subfield code='c'>c1990.</subfield></datafield><datafield ind1=' ' ind2=' ' tag='300'><subfield code='a'>2 v. :</subfield><subfield code='b'>ill. ;</subfield><subfield code='c'>24 cm.</subfield></datafield><datafield ind1=' ' ind2='4' tag='440'><subfield code='a'>The IMA volumes in mathematics and its applications ;</subfield><subfield code='v'>v. 22-23</subfield></datafield><datafield ind1=' ' ind2=' ' tag='500'><subfield code='a'>&quot;Based on lectures delivered during a six week program held at the IMA from June 27 to August 5, 1988&quot;--Foreword.</subfield></datafield><datafield ind1=' ' ind2=' ' tag='504'><subfield code='a'>Includes bibliographical references.</subfield></datafield><datafield ind1='0' ind2=' ' tag='505'><subfield code='a'>pt. 1. Signal processing theory -- pt. 2. Control theory and applications / edited by F.A. Grünbaum, J.W. Helton, P. Khargonekar.</subfield></datafield><datafield ind1=' ' ind2='0' tag='650'><subfield code='a'>Signal processing</subfield><subfield code='x'>Mathematics.</subfield></datafield><datafield ind1='1' ind2='0' tag='700'><subfield code='a'>Auslander, Louis.</subfield></datafield><datafield ind1='1' ind2='0' tag='700'><subfield code='a'>Grünbaum, F. A.</subfield></datafield><datafield ind1='2' ind2='0' tag='710'><subfield code='a'>University of Minnesota.</subfield><subfield code='b'>Institute for Mathematics and Its Applications.</subfield></datafield><datafield ind1=' ' ind2=' ' tag='907'><subfield code='a'>.b1564487x</subfield><subfield code='b'>k    </subfield><subfield code='c'>-</subfield></datafield><datafield ind1=' ' ind2=' ' tag='935'><subfield code='a'>00618409</subfield></datafield><datafield ind1=' ' ind2=' ' tag='945'><subfield code='l'>kstk </subfield><subfield code='u'>v.pt.1</subfield><subfield code='g'>1</subfield></datafield><datafield ind1=' ' ind2=' ' tag='945'><subfield code='l'>kstk </subfield><subfield code='u'>v.pt.2</subfield><subfield code='g'>1</subfield></datafield><datafield ind1=' ' ind2=' ' tag='950'><subfield code='l'>TECH</subfield><subfield code='i'>02/21/91 N  775:rsl</subfield><subfield code='h'>02/20/91 N  775:SL</subfield></datafield><datafield ind1=' ' ind2=' ' tag='955'><subfield code='l'>TECH</subfield><subfield code='c'>0:pt.1</subfield><subfield code='r'>39074007560295</subfield><subfield code='h'>02/20/91 C</subfield></datafield><datafield ind1=' ' ind2=' ' tag='955'><subfield code='l'>TECH</subfield><subfield code='c'>0:pt.2</subfield><subfield code='r'>39074007679665</subfield><subfield code='i'>02/21/91 C</subfield></datafield><datafield ind1=' ' ind2=' ' tag='979'><subfield code='a'>ocm20755494</subfield></datafield><datafield ind1=' ' ind2=' ' tag='998'><subfield code='b'>2</subfield><subfield code='c'>990101</subfield><subfield code='d'>m</subfield><subfield code='e'>a</subfield><subfield code='f'>-</subfield><subfield code='g'>0</subfield></datafield><datafield ind1=' ' ind2=' ' tag='998'><subfield code='a'>02/21/91</subfield><subfield code='t'>c</subfield><subfield code='s'>9110</subfield><subfield code='n'>PPT</subfield><subfield code='w'>NJRG90B12583</subfield><subfield code='d'>02/20/91</subfield><subfield code='c'>MFK</subfield><subfield code='b'>SN</subfield><subfield code='i'>910221</subfield><subfield code='h'>910220</subfield><subfield code='l'>PATG</subfield></datafield><datafield ind1=' ' ind2=' ' tag='ADM'><subfield code='b'>2018-03-15 23:50:18</subfield><subfield code='e'>b1564487x-01tuli_inst</subfield><subfield code='d'>ILS</subfield><subfield code='a'>2017-06-20 06:40:01</subfield><subfield code='c'>false</subfield></datafield><datafield ind1='0' ind2=' ' tag='HLD'><subfield code='b'>KARDON</subfield><subfield code='c'>p_remote</subfield><subfield code='h'>TK5102.5.S535 1990</subfield><subfield code='8'>22252188110003811</subfield></datafield><datafield ind1=' ' ind2=' ' tag='ITM'><subfield code='r'>22252188110003811</subfield><subfield code='b'>1</subfield><subfield code='h'>0</subfield><subfield code='g'>p_remote</subfield><subfield code='t'>BOOK</subfield><subfield code='9'>39074007679665</subfield><subfield code='e'>p_remote</subfield><subfield code='8'>23252188090003811</subfield><subfield code='c'>pt.2</subfield><subfield code='a'>0</subfield><subfield code='q'>2017-06-20 06:40:01</subfield><subfield code='i'>TK5102.5.S535 1990</subfield><subfield code='d'>KARDON</subfield><subfield code='f'>KARDON</subfield></datafield><datafield ind1=' ' ind2=' ' tag='ITM'><subfield code='r'>22252188110003811</subfield><subfield code='b'>1</subfield><subfield code='h'>0</subfield><subfield code='g'>p_remote</subfield><subfield code='t'>BOOK</subfield><subfield code='9'>39074007560295</subfield><subfield code='e'>p_remote</subfield><subfield code='8'>23252188100003811</subfield><subfield code='c'>pt.1</subfield><subfield code='a'>0</subfield><subfield code='q'>2017-06-20 06:40:01</subfield><subfield code='i'>TK5102.5.S535 1990</subfield><subfield code='d'>KARDON</subfield><subfield code='f'>KARDON</subfield></datafield></record>