
<record xmlns='http://www.loc.gov/MARC21/slim'><leader>01204nam a2200361 a 4500</leader><controlfield tag='005'>20180315121358.0</controlfield><controlfield tag='007'>co ugu||||||||</controlfield><controlfield tag='008'>050909s2005    enka     b    001 0 eng d</controlfield><controlfield tag='001'>991011354519703811</controlfield><datafield ind1=' ' ind2=' ' tag='020'><subfield code='a'>1842651994 (book + CD-ROM)</subfield></datafield><datafield ind1=' ' ind2=' ' tag='035'><subfield code='a'>(PPT)b29757216-01tuli_inst</subfield></datafield><datafield ind1=' ' ind2=' ' tag='035'><subfield code='a'>(CStRLIN)ocn490876054</subfield><subfield code='9'>ExL</subfield></datafield><datafield ind1=' ' ind2=' ' tag='035'><subfield code='a'>PPTb29757216</subfield></datafield><datafield ind1=' ' ind2=' ' tag='035'><subfield code='a'>ocm75375517</subfield></datafield><datafield ind1=' ' ind2=' ' tag='035'><subfield code='a'>(OCLC)ocm75375517</subfield></datafield><datafield ind1=' ' ind2=' ' tag='040'><subfield code='a'>ZCU</subfield><subfield code='c'>ZCU</subfield><subfield code='d'>BAKER</subfield><subfield code='d'>NYP</subfield><subfield code='d'>UtOrBLW</subfield></datafield><datafield ind1=' ' ind2=' ' tag='042'><subfield code='a'>pcc</subfield></datafield><datafield ind1=' ' ind2=' ' tag='079'><subfield code='a'>ocm75375517</subfield></datafield><datafield ind1=' ' ind2=' ' tag='090'><subfield code='a'>TK5102.9</subfield><subfield code='b'>.N373x 2005</subfield></datafield><datafield ind1='1' ind2=' ' tag='100'><subfield code='a'>Narasimhan, S. V.</subfield></datafield><datafield ind1='1' ind2='0' tag='245'><subfield code='a'>Signal processing :</subfield><subfield code='b'>principles and implementation /</subfield><subfield code='c'>S.V. Narasimhan, S. Veena.</subfield></datafield><datafield ind1=' ' ind2=' ' tag='260'><subfield code='a'>Harrow, U.K. :</subfield><subfield code='b'>Alpha Science International,</subfield><subfield code='c'>c2005.</subfield></datafield><datafield ind1=' ' ind2=' ' tag='300'><subfield code='a'>xix, 576 p. :</subfield><subfield code='b'>ill. ;</subfield><subfield code='c'>25 cm. +</subfield><subfield code='e'>1 CD-ROM (4 3/4 in.)</subfield></datafield><datafield ind1=' ' ind2=' ' tag='505'><subfield code='a'>CD-ROM contents: MATLAB programs used for illustrations.</subfield></datafield><datafield ind1=' ' ind2=' ' tag='504'><subfield code='a'>Includes bibliographical references (p. 565-569) and index.</subfield></datafield><datafield ind1=' ' ind2='0' tag='650'><subfield code='a'>Signal processing.</subfield></datafield><datafield ind1=' ' ind2='0' tag='650'><subfield code='a'>Fourier transformations.</subfield></datafield><datafield ind1='1' ind2=' ' tag='700'><subfield code='a'>Veena, S.</subfield></datafield><datafield ind1=' ' ind2=' ' tag='907'><subfield code='a'>.b29757216</subfield><subfield code='b'>p    </subfield><subfield code='c'>-</subfield></datafield><datafield ind1=' ' ind2=' ' tag='945'><subfield code='l'>pstk </subfield><subfield code='g'>1</subfield></datafield><datafield ind1=' ' ind2=' ' tag='979'><subfield code='a'>ocm75375517</subfield></datafield><datafield ind1=' ' ind2=' ' tag='998'><subfield code='b'>0</subfield><subfield code='c'>060915</subfield><subfield code='d'>m</subfield><subfield code='e'>a</subfield><subfield code='f'>-</subfield><subfield code='g'>0</subfield></datafield><datafield ind1=' ' ind2=' ' tag='998'><subfield code='a'>09/15/06</subfield><subfield code='s'>RLIN</subfield><subfield code='c'>MRTL</subfield></datafield><datafield ind1=' ' ind2=' ' tag='ADM'><subfield code='b'>2018-03-15 16:13:58</subfield><subfield code='e'>b29757216-01tuli_inst</subfield><subfield code='d'>ILS</subfield><subfield code='a'>2017-06-20 07:52:01</subfield><subfield code='c'>false</subfield></datafield><datafield ind1='0' ind2=' ' tag='HLD'><subfield code='b'>MAIN</subfield><subfield code='c'>stacks</subfield><subfield code='h'>TK5102.9</subfield><subfield code='i'>.N373x 2005</subfield><subfield code='8'>22273620040003811</subfield></datafield><datafield ind1=' ' ind2=' ' tag='ITM'><subfield code='r'>22273620040003811</subfield><subfield code='b'>1</subfield><subfield code='h'>0</subfield><subfield code='g'>stacks</subfield><subfield code='t'>ELEC</subfield><subfield code='9'>39074020473336</subfield><subfield code='e'>stacks</subfield><subfield code='8'>23273620030003811</subfield><subfield code='a'>0</subfield><subfield code='q'>2017-06-20 07:52:01</subfield><subfield code='i'>TK5102.9 .N373x 2005</subfield><subfield code='d'>MAIN</subfield><subfield code='f'>MAIN</subfield></datafield></record>