
<record xmlns='http://www.loc.gov/MARC21/slim'><leader>00527camZa2200133zZZ4500</leader><controlfield tag='001'>991036737512403811</controlfield><controlfield tag='005'>20160803134623.0</controlfield><controlfield tag='008'>160829s2003    xx      o           eng d</controlfield><datafield ind1=' ' ind2=' ' tag='035'><subfield code='a'>(CKB)1000000000022109</subfield></datafield><datafield ind1=' ' ind2=' ' tag='035'><subfield code='a'>(SSID)ssj0000393689</subfield></datafield><datafield ind1=' ' ind2=' ' tag='035'><subfield code='a'>(PQKBManifestationID)12135756</subfield></datafield><datafield ind1=' ' ind2=' ' tag='035'><subfield code='a'>(PQKBTitleCode)TC0000393689</subfield></datafield><datafield ind1=' ' ind2=' ' tag='035'><subfield code='a'>(PQKBWorkID)10373003</subfield></datafield><datafield ind1=' ' ind2=' ' tag='035'><subfield code='a'>(PQKB)10750699</subfield></datafield><datafield ind1=' ' ind2=' ' tag='035'><subfield code='a'>(EXLCZ)991000000000022109</subfield></datafield><datafield ind1=' ' ind2=' ' tag='040'><subfield code='a'>PQKB</subfield></datafield><datafield ind1=' ' ind2=' ' tag='041'><subfield code='a'>eng</subfield></datafield><datafield ind1=' ' ind2='0' tag='050'><subfield code='a'>TK7881.4.I34 2003</subfield></datafield><datafield ind1=' ' ind2=' ' tag='082'><subfield code='a'>620.2</subfield></datafield><datafield ind1=' ' ind2=' ' tag='110'><subfield code='a'>IEEE Workshop on Applications of Signal Processing to Audio and Acoustics</subfield><subfield code='e'>Corporate Author</subfield></datafield><datafield ind1=' ' ind2=' ' tag='210'><subfield code='a'>APPLICATIONS OF SIGNAL PROCESSING TO AUDIO AND ACOUSTICS, 2003 IEEE WORKSHOP ON.</subfield></datafield><datafield ind1=' ' ind2=' ' tag='210'><subfield code='a'>IEEE WORKSHOP ON APPLICATIONS OF SIGNAL PROCESSING TO AUDIO AND ACOUSTICS (WASPAA)</subfield></datafield><datafield ind1='1' ind2='0' tag='245'><subfield code='a'>2003 IEEE Workshop on Applications of Signal Processing to Audio and Acoustics : October 19-22, 2003, Mohonk Mountain House, New Paltz, NY, USA</subfield></datafield><datafield ind1=' ' ind2=' ' tag='246'><subfield code='a'>2003 IEEE Workshop on Applications of Signal Processing to Audio and Acoustics </subfield></datafield><datafield ind1='3' ind2='1' tag='264'><subfield code='a'>[Place of publication not identified]</subfield><subfield code='b'>IEEE</subfield><subfield code='c'>2003</subfield></datafield><datafield ind1=' ' ind2=' ' tag='336'><subfield code='a'>text</subfield><subfield code='b'>txt</subfield></datafield><datafield ind1=' ' ind2=' ' tag='337'><subfield code='a'>computer</subfield><subfield code='b'>c</subfield></datafield><datafield ind1=' ' ind2=' ' tag='338'><subfield code='a'>online resource</subfield><subfield code='b'>cr</subfield></datafield><datafield ind1=' ' ind2=' ' tag='500'><subfield code='a'>Bibliographic Level Mode of Issuance: Monograph</subfield></datafield><datafield ind1=' ' ind2=' ' tag='546'><subfield code='a'>English</subfield></datafield><datafield ind1=' ' ind2='0' tag='650'><subfield code='a'>Sound</subfield><subfield code='x'>Recording and reproducing</subfield><subfield code='x'>Mathematics</subfield><subfield code='v'>Congresses</subfield></datafield><datafield ind1=' ' ind2='0' tag='650'><subfield code='a'>Signal processing</subfield><subfield code='x'>Digital techniques</subfield><subfield code='v'>Congresses</subfield></datafield><datafield ind1=' ' ind2='0' tag='650'><subfield code='a'>Acoustical engineering</subfield><subfield code='x'>Acoustics and physics</subfield><subfield code='v'>Congresses</subfield></datafield><datafield ind1=' ' ind2='0' tag='650'><subfield code='a'>Electro-acoustics</subfield><subfield code='v'>Congresses</subfield></datafield><datafield ind1=' ' ind2='0' tag='650'><subfield code='a'>Music</subfield><subfield code='v'>Congresses</subfield></datafield><datafield ind1=' ' ind2='7' tag='650'><subfield code='a'>Electrical Engineering</subfield><subfield code='2'>HILCC</subfield></datafield><datafield ind1=' ' ind2='7' tag='650'><subfield code='a'>Electrical &amp; Computer Engineering</subfield><subfield code='2'>HILCC</subfield></datafield><datafield ind1=' ' ind2='7' tag='650'><subfield code='a'>Engineering &amp; Applied Sciences</subfield><subfield code='2'>HILCC</subfield></datafield><datafield ind1='2' ind2=' ' tag='710'><subfield code='a'>IEEE Signal Processing Society</subfield><subfield code='e'>Content Provider</subfield></datafield><datafield ind1=' ' ind2=' ' tag='711'><subfield code='a'>IEEE Workshop on Applications of Signal Processing to Audio and Acoustics</subfield></datafield><datafield ind1=' ' ind2=' ' tag='776'><subfield code='z'>0-7803-7850-4</subfield></datafield><datafield ind1=' ' ind2=' ' tag='906'><subfield code='a'>PROCEEDING</subfield></datafield><datafield ind1=' ' ind2=' ' tag='ADM'><subfield code='b'>2018-03-27 07:13:18</subfield><subfield code='e'>991000000000022109</subfield><subfield code='d'>NON_SFX</subfield><subfield code='f'>20160803134623.0</subfield><subfield code='a'>2012-02-25 22:16:04</subfield><subfield code='c'>false</subfield></datafield><datafield ind1=' ' ind2=' ' tag='PRT'><subfield code='a'>53350102810003811</subfield><subfield code='b'>https://sandbox01-na.alma.exlibrisgroup.com/view/uresolver/01TULI_INST/openurl?u.ignore_date_coverage=true&amp;rft.mms_id=991036737512403811</subfield><subfield code='e'>IEEE Xplore</subfield><subfield code='9'>Available</subfield><subfield code='c'>IEEE/IET Electronic Library (IEL) Conference Proceedings</subfield><subfield code='h'>61111026746359000</subfield><subfield code='8'>53350102810003811</subfield></datafield></record>
</collection>
